<?xml version="1.0" encoding="UTF-8"?>
<!DOCTYPE html PUBLIC "-//W3C//DTD XHTML 1.0 Transitional//EN"
    "http://www.w3.org/TR/xhtml1/DTD/xhtml1-transitional.dtd">
<html xmlns="http://www.w3.org/1999/xhtml" xml:lang="en" lang="en">
 <head>
  <title>
</title>
<meta http-equiv="Content-Type" content="text/html;charset=utf-8" />
  <meta name='ocr-system' content='tesseract 3.04.00' />
  <meta name='ocr-capabilities' content='ocr_page ocr_carea ocr_par ocr_line ocrx_word'/>
</head>
<body>
  <div class='ocr_page' id='page_1' title='image "./patrologiaecurs27goog/patrologiaecurs27goog_0372.png"; bbox 0 0 3802 6120; ppageno 0'>
   <div class='ocr_carea' id='block_1_1' title="bbox 84 276 136 334">
    <p class='ocr_par' dir='ltr' id='par_1_1' title="bbox 84 276 136 334">
     <span class='ocr_line' id='line_1_1' title="bbox 84 276 136 334; baseline -0.019 0"><span class='ocrx_word' id='word_1_1' title='bbox 84 276 136 334; x_wconf 79' lang='grc'><strong>115</strong></span> 
     </span>
    </p>
   </div>
   <div class='ocr_carea' id='block_1_2' title="bbox 577 267 1242 334">
    <p class='ocr_par' dir='ltr' id='par_1_2' title="bbox 577 267 1242 334">
     <span class='ocr_line' id='line_1_2' title="bbox 577 267 1242 334; baseline -0.015 -1"><span class='ocrx_word' id='word_1_2' title='bbox 577 273 755 334; x_wconf 77' lang='lat' dir='ltr'><strong>sxuosmo</strong></span> <span class='ocrx_word' id='word_1_3' title='bbox 776 272 808 329; x_wconf 83' lang='grc' dir='ltr'><strong>ΙΝ</strong></span> <span class='ocrx_word' id='word_1_4' title='bbox 830 270 1059 330; x_wconf 77' lang='lat' dir='ltr'><strong>tstttuttttttt.</strong></span> <span class='ocrx_word' id='word_1_5' title='bbox 1080 268 1176 326; x_wconf 79' lang='lat' dir='ltr'><strong>usal..</strong></span> <span class='ocrx_word' id='word_1_6' title='bbox 1197 267 1242 324; x_wconf 85' lang='lat' dir='ltr'><strong>ct.</strong></span> 
     </span>
    </p>
   </div>
   <div class='ocr_carea' id='block_1_3' title="bbox 1674 270 1725 326">
    <p class='ocr_par' dir='ltr' id='par_1_3' title="bbox 1674 270 1725 326">
     <span class='ocr_line' id='line_1_3' title="bbox 1674 270 1725 326; baseline 0.078 -4"><span class='ocrx_word' id='word_1_7' title='bbox 1674 270 1725 326; x_wconf 80' lang='lat' dir='ltr'><strong>tlt</strong></span> 
     </span>
    </p>
   </div>
   <div class='ocr_carea' id='block_1_4' title="bbox 83 380 1726 460">
    <p class='ocr_par' dir='ltr' id='par_1_4' title="bbox 83 380 1726 460">
     <span class='ocr_line' id='line_1_4' title="bbox 83 380 1726 460; baseline -0.008 -11"><span class='ocrx_word' id='word_1_8' title='bbox 83 391 187 456; x_wconf 77' lang='lat' dir='ltr'><strong>iniurati,</strong></span> <span class='ocrx_word' id='word_1_9' title='bbox 203 390 247 460; x_wconf 78' lang='lat' dir='ltr'><strong>utri</strong></span> <span class='ocrx_word' id='word_1_10' title='bbox 263 389 361 445; x_wconf 87' lang='lat' dir='ltr'><strong>diutius</strong></span> <span class='ocrx_word' id='word_1_11' title='bbox 376 389 517 446; x_wconf 78' lang='lat' dir='ltr'><strong>subuenire</strong></span> <span class='ocrx_word' id='word_1_12' title='bbox 532 389 683 445; x_wconf 75' lang='lat' dir='ltr'><strong>distulerat.</strong></span> <span class='ocrx_word' id='word_1_13' title='bbox 700 388 732 444; x_wconf 82' lang='lat' dir='ltr'><strong>lit</strong></span> <span class='ocrx_word' id='word_1_14' title='bbox 747 395 775 441; x_wconf 90' lang='lat' dir='ltr'><strong>ut</strong></span> <span class='ocrx_word' id='word_1_15' title='bbox 789 385 879 441; x_wconf 82' lang='lat' dir='ltr'><strong>omnia</strong></span> <span class='ocrx_word' id='word_1_16' title='bbox 896 387 921 445; x_wconf 74' lang='grc' dir='ltr'><strong>Α</strong></span> <span class='ocrx_word' id='word_1_17' title='bbox 969 383 1046 439; x_wconf 81' lang='lat' dir='ltr'><strong>Vere.</strong></span> <span class='ocrx_word' id='word_1_18' title='bbox 1066 383 1110 438; x_wconf 84' lang='grc'><strong>18.</strong></span> <span class='ocrx_word' id='word_1_19' title='bbox 1132 381 1254 450; x_wconf 79' lang='lat' dir='ltr'><strong>Ilcspeuit</strong></span> <span class='ocrx_word' id='word_1_20' title='bbox 1269 381 1294 433; x_wconf 91' lang='lat' dir='ltr'><strong>iu</strong></span> <span class='ocrx_word' id='word_1_21' title='bbox 1308 380 1407 434; x_wconf 80' lang='lat' dir='ltr'><strong>oration</strong></span> <span class='ocrx_word' id='word_1_22' title='bbox 1424 397 1449 433; x_wconf 91' lang='lat' dir='ltr'><strong>m</strong></span> <span class='ocrx_word' id='word_1_23' title='bbox 1467 397 1617 448; x_wconf 78' lang='lat' dir='ltr'><strong>pruuperum,</strong></span> <span class='ocrx_word' id='word_1_24' title='bbox 1632 392 1658 436; x_wconf 90' lang='lat' dir='ltr'><strong>et</strong></span> <span class='ocrx_word' id='word_1_25' title='bbox 1675 399 1726 438; x_wconf 86' lang='lat' dir='ltr'><strong>narr</strong></span> 
     </span>
    </p>
   </div>
   <div class='ocr_carea' id='block_1_5' title="bbox 55 479 884 1745">
    <p class='ocr_par' dir='ltr' id='par_1_5' title="bbox 55 479 884 1745">
     <span class='ocr_line' id='line_1_5' title="bbox 83 479 878 543; baseline -0.01 -3"><span class='ocrx_word' id='word_1_26' title='bbox 83 482 216 540; x_wconf 76' lang='lat' dir='ltr'>Dominus</span> <span class='ocrx_word' id='word_1_27' title='bbox 239 482 381 537; x_wconf 85' lang='lat' dir='ltr'><strong>rolruuatis</strong></span> <span class='ocrx_word' id='word_1_28' title='bbox 410 495 466 537; x_wconf 82' lang='lat' dir='ltr'><strong>sua</strong></span> <span class='ocrx_word' id='word_1_29' title='bbox 489 481 584 537; x_wconf 83' lang='lat' dir='ltr'>ordine</span> <span class='ocrx_word' id='word_1_30' title='bbox 609 480 698 537; x_wconf 89' lang='lat' dir='ltr'><strong>lacere</strong></span> <span class='ocrx_word' id='word_1_31' title='bbox 721 479 878 543; x_wconf 78' lang='lat' dir='ltr'><strong>sentiretur,</strong></span> 
     </span>
     <span class='ocr_line' id='line_1_6' title="bbox 83 570 879 644; baseline -0.009 -13"><span class='ocrx_word' id='word_1_32' title='bbox 83 576 160 642; x_wconf 90' lang='lat' dir='ltr'><strong>dicit,</strong></span> <span class='ocrx_word' id='word_1_33' title='bbox 181 575 249 628; x_wconf 73' lang='lat' dir='ltr'><strong>rersit</strong></span> <span class='ocrx_word' id='word_1_34' title='bbox 272 583 371 644; x_wconf 67' lang='lat' dir='ltr'><strong>tempus</strong></span> <span class='ocrx_word' id='word_1_35' title='bbox 395 574 532 627; x_wconf 83' lang='lat' dir='ltr'><strong>miserendi</strong></span> <span class='ocrx_word' id='word_1_36' title='bbox 553 575 628 644; x_wconf 76' lang='lat' dir='ltr'><strong>ejice:</strong></span> <span class='ocrx_word' id='word_1_37' title='bbox 649 571 782 643; x_wconf 72' lang='lat' dir='ltr'><strong>nutricula</strong></span> <span class='ocrx_word' id='word_1_38' title='bbox 804 570 879 625; x_wconf 86' lang='lat' dir='ltr'><strong>illum</strong></span> 
     </span>
     <span class='ocr_line' id='line_1_7' title="bbox 85 662 880 735; baseline -0.01 -12"><span class='ocrx_word' id='word_1_39' title='bbox 85 676 193 731; x_wconf 80' lang='lat' dir='ltr'><strong>terripus</strong></span> <span class='ocrx_word' id='word_1_40' title='bbox 208 666 364 732; x_wconf 86' lang='lat' dir='ltr'><strong>admoneat,</strong></span> <span class='ocrx_word' id='word_1_41' title='bbox 385 666 431 719; x_wconf 90' lang='lat' dir='ltr'><strong>sed</strong></span> <span class='ocrx_word' id='word_1_42' title='bbox 447 666 508 735; x_wconf 84' lang='lat' dir='ltr'><strong>quia</strong></span> <span class='ocrx_word' id='word_1_43' title='bbox 531 665 587 735; x_wconf 81' lang='lat' dir='ltr'><strong>ipse</strong></span> <span class='ocrx_word' id='word_1_44' title='bbox 606 675 725 734; x_wconf 85' lang='lat' dir='ltr'><strong>tempora</strong></span> <span class='ocrx_word' id='word_1_45' title='bbox 741 662 880 733; x_wconf 86' lang='lat' dir='ltr'><strong>aptissima</strong></span> 
     </span>
     <span class='ocr_line' id='line_1_8' title="bbox 83 755 881 829; baseline -0.009 -12"><span class='ocrx_word' id='word_1_46' title='bbox 83 760 282 817; x_wconf 75' lang='lat' dir='ltr'><strong>deliberatione</strong></span> <span class='ocrx_word' id='word_1_47' title='bbox 307 757 442 827; x_wconf 89' lang='lat' dir='ltr'><strong>disponat.</strong></span> <span class='ocrx_word' id='word_1_48' title='bbox 481 756 553 814; x_wconf 87' lang='lat' dir='ltr'><strong>lstud</strong></span> <span class='ocrx_word' id='word_1_49' title='bbox 579 767 676 829; x_wconf 82' lang='lat' dir='ltr'><strong>tempus</strong></span> <span class='ocrx_word' id='word_1_50' title='bbox 699 755 749 811; x_wconf 87' lang='lat' dir='ltr'><strong>luit</strong></span> <span class='ocrx_word' id='word_1_51' title='bbox 770 756 805 811; x_wconf 90' lang='lat' dir='ltr'><strong>de</strong></span> <span class='ocrx_word' id='word_1_52' title='bbox 827 770 881 826; x_wconf 81' lang='lat' dir='ltr'><strong>quo</strong></span> 
     </span>
     <span class='ocr_line' id='line_1_9' title="bbox 84 849 880 922; baseline -0.008 -13"><span class='ocrx_word' id='word_1_53' title='bbox 84 852 232 922; x_wconf 73' lang='lat' dir='ltr'><strong>Apostolus</strong></span> <span class='ocrx_word' id='word_1_54' title='bbox 245 851 310 905; x_wconf 89' lang='lat' dir='ltr'><strong>dicit</strong></span> <span class='ocrx_word' id='word_1_55' title='bbox 325 867 332 904; x_wconf 83' lang='lat' dir='ltr'><strong>r</strong></span> <span class='ocrx_word' id='word_1_56' title='bbox 349 851 412 904; x_wconf 82' lang='lat' dir='ltr'><strong>Cum</strong></span> <span class='ocrx_word' id='word_1_57' title='bbox 426 859 509 905; x_wconf 90' lang='lat' dir='ltr'><strong>autem</strong></span> <span class='ocrx_word' id='word_1_58' title='bbox 521 851 589 905; x_wconf 84' lang='lat' dir='ltr'><strong>uenit</strong></span> <span class='ocrx_word' id='word_1_59' title='bbox 604 851 736 922; x_wconf 81' lang='lat' dir='ltr'><strong>plenitudo</strong></span> <span class='ocrx_word' id='word_1_60' title='bbox 748 849 880 919; x_wconf 84' lang='lat' dir='ltr'><strong>terrtporr&#39;r,</strong></span> 
     </span>
     <span class='ocr_line' id='line_1_10' title="bbox 84 941 880 1015; baseline -0.001 -19"><span class='ocrx_word' id='word_1_61' title='bbox 84 943 156 998; x_wconf 84' lang='lat' dir='ltr'><strong>ruisit</strong></span> <span class='ocrx_word' id='word_1_62' title='bbox 169 943 237 997; x_wconf 74' lang='lat' dir='ltr'><strong>Dran</strong></span> <span class='ocrx_word' id='word_1_63' title='bbox 248 941 345 996; x_wconf 85' lang='lat' dir='ltr'><strong>Filium</strong></span> <span class='ocrx_word' id='word_1_64' title='bbox 358 959 432 997; x_wconf 80' lang='lat' dir='ltr'><strong>rictam</strong></span> <span class='ocrx_word' id='word_1_65' title='bbox 445 947 541 1012; x_wconf 73' lang='lat' dir='ltr'><strong>[erctum</strong></span> <span class='ocrx_word' id='word_1_66' title='bbox 555 959 587 997; x_wconf 82' lang='lat' dir='ltr'><strong>er</strong></span> <span class='ocrx_word' id='word_1_67' title='bbox 598 943 711 1010; x_wconf 85' lang='lat' dir='ltr'><strong>muliere,</strong></span> <span class='ocrx_word' id='word_1_68' title='bbox 725 947 824 1015; x_wconf 72' lang='lat' dir='ltr'><strong>sactum</strong></span> <span class='ocrx_word' id='word_1_69' title='bbox 835 941 880 996; x_wconf 84' lang='lat' dir='ltr'><strong>sui</strong></span> 
     </span>
     <span class='ocr_line' id='line_1_11' title="bbox 85 1031 879 1105; baseline -0.003 -17"><span class='ocrx_word' id='word_1_70' title='bbox 85 1035 152 1105; x_wconf 77' lang='lat' dir='ltr'><strong>lege,</strong></span> <span class='ocrx_word' id='word_1_71' title='bbox 167 1044 195 1087; x_wconf 92' lang='lat' dir='ltr'><strong>ut</strong></span> <span class='ocrx_word' id='word_1_72' title='bbox 208 1049 251 1086; x_wconf 85' lang='lat' dir='ltr'><strong>cor</strong></span> <span class='ocrx_word' id='word_1_73' title='bbox 262 1035 306 1102; x_wconf 79' lang='lat' dir='ltr'><strong>geri</strong></span> <span class='ocrx_word' id='word_1_74' title='bbox 319 1035 365 1086; x_wconf 82' lang='grc' dir='ltr'><strong>ιιι</strong></span> <span class='ocrx_word' id='word_1_75' title='bbox 380 1033 434 1104; x_wconf 79' lang='lat' dir='ltr'><strong>lege</strong></span> <span class='ocrx_word' id='word_1_76' title='bbox 446 1043 518 1087; x_wconf 83' lang='lat' dir='ltr'><strong>eram</strong></span> <span class='ocrx_word' id='word_1_77' title='bbox 531 1033 664 1088; x_wconf 85' lang='lat' dir='ltr'><strong>redlnrcret</strong></span> <span class='ocrx_word' id='word_1_78' title='bbox 679 1032 776 1104; x_wconf 85' lang='lat' dir='ltr'><strong>(Galat.</strong></span> <span class='ocrx_word' id='word_1_79' title='bbox 791 1047 829 1097; x_wconf 86' lang='grc' dir='ltr'><strong>ιι,</strong></span> <span class='ocrx_word' id='word_1_80' title='bbox 840 1031 879 1101; x_wconf 79' lang='lat' dir='ltr'><strong>d).</strong></span> 
     </span>
     <span class='ocr_line' id='line_1_12' title="bbox 85 1121 882 1193; baseline -0.003 -15"><span class='ocrx_word' id='word_1_81' title='bbox 85 1124 122 1178; x_wconf 78' lang='lat' dir='ltr'><strong>tm</strong></span> <span class='ocrx_word' id='word_1_82' title='bbox 135 1122 200 1177; x_wconf 88' lang='lat' dir='ltr'><strong>alibi</strong></span> <span class='ocrx_word' id='word_1_83' title='bbox 212 1141 219 1175; x_wconf 75' lang='grc' dir='ltr'><strong>ε</strong></span> <span class='ocrx_word' id='word_1_84' title='bbox 232 1121 297 1176; x_wconf 82' lang='lat' dir='ltr'><strong>Ecce</strong></span> <span class='ocrx_word' id='word_1_85' title='bbox 311 1139 378 1177; x_wconf 88' lang='lat' dir='ltr'><strong>nanc</strong></span> <span class='ocrx_word' id='word_1_86' title='bbox 392 1133 492 1191; x_wconf 83' lang='lat' dir='ltr'><strong>tempus</strong></span> <span class='ocrx_word' id='word_1_87' title='bbox 505 1124 667 1193; x_wconf 66' lang='lat' dir='ltr'><strong>acceptabile,</strong></span> <span class='ocrx_word' id='word_1_88' title='bbox 683 1138 738 1178; x_wconf 87' lang='lat' dir='ltr'><strong>ecce</strong></span> <span class='ocrx_word' id='word_1_89' title='bbox 751 1139 818 1177; x_wconf 87' lang='lat' dir='ltr'><strong>nunc</strong></span> <span class='ocrx_word' id='word_1_90' title='bbox 827 1123 882 1177; x_wconf 82' lang='lat' dir='ltr'><strong>dier</strong></span> 
     </span>
     <span class='ocr_line' id='line_1_13' title="bbox 84 1212 883 1287; baseline 0.003 -20"><span class='ocrx_word' id='word_1_91' title='bbox 84 1213 180 1267; x_wconf 83' lang='lat' dir='ltr'><strong>salutis</strong></span> <span class='ocrx_word' id='word_1_92' title='bbox 203 1212 246 1287; x_wconf 87' lang='grc'><strong>(11</strong></span> <span class='ocrx_word' id='word_1_93' title='bbox 268 1214 328 1268; x_wconf 80' lang='lat' dir='ltr'><strong>Car.</strong></span> <span class='ocrx_word' id='word_1_94' title='bbox 352 1229 388 1279; x_wconf 84' lang='grc' dir='ltr'><strong>ιι,</strong></span> <span class='ocrx_word' id='word_1_95' title='bbox 412 1213 452 1282; x_wconf 71' lang='lat' dir='ltr'><strong>S).</strong></span> <span class='ocrx_word' id='word_1_96' title='bbox 484 1214 560 1280; x_wconf 84' lang='lat' dir='ltr'><strong>Quod</strong></span> <span class='ocrx_word' id='word_1_97' title='bbox 583 1223 768 1286; x_wconf 87' lang='lat' dir='ltr'><strong>argumentum</strong></span> <span class='ocrx_word' id='word_1_98' title='bbox 782 1213 883 1270; x_wconf 87' lang='lat' dir='ltr'><strong>dicitur</strong></span> 
     </span>
     <span class='ocr_line' id='line_1_14' title="bbox 84 1304 881 1374; baseline 0.003 -16"><span class='ocrx_word' id='word_1_99' title='bbox 84 1321 101 1358; x_wconf 87' lang='lat' dir='ltr'><strong>a</strong></span> <span class='ocrx_word' id='word_1_100' title='bbox 120 1313 257 1374; x_wconf 87' lang='lat' dir='ltr'><strong>tempore;</strong></span> <span class='ocrx_word' id='word_1_101' title='bbox 275 1304 325 1359; x_wconf 87' lang='lat' dir='ltr'><strong>lroe</strong></span> <span class='ocrx_word' id='word_1_102' title='bbox 339 1306 554 1360; x_wconf 87' lang='lat' dir='ltr'><strong>ellicacissimum</strong></span> <span class='ocrx_word' id='word_1_103' title='bbox 571 1307 641 1362; x_wconf 89' lang='lat' dir='ltr'><strong>inter</strong></span> <span class='ocrx_word' id='word_1_104' title='bbox 654 1315 774 1361; x_wconf 89' lang='lat' dir='ltr'><strong>oratores</strong></span> <span class='ocrx_word' id='word_1_105' title='bbox 790 1306 881 1360; x_wconf 87' lang='lat' dir='ltr'><strong>baberi</strong></span> 
     </span>
     <span class='ocr_line' id='line_1_15' title="bbox 85 1395 883 1469; baseline 0 -17"><span class='ocrx_word' id='word_1_106' title='bbox 85 1403 168 1452; x_wconf 87' lang='lat' dir='ltr'><strong>solet.</strong></span> <span class='ocrx_word' id='word_1_107' title='bbox 184 1395 253 1464; x_wconf 82' lang='lat' dir='ltr'><strong>Quid</strong></span> <span class='ocrx_word' id='word_1_108' title='bbox 268 1399 337 1453; x_wconf 86' lang='lat' dir='ltr'><strong>enirn</strong></span> <span class='ocrx_word' id='word_1_109' title='bbox 353 1397 489 1467; x_wconf 85' lang='lat' dir='ltr'><strong>impediat,</strong></span> <span class='ocrx_word' id='word_1_110' title='bbox 500 1397 605 1467; x_wconf 81' lang='lat' dir='ltr'><strong>quaudo</strong></span> <span class='ocrx_word' id='word_1_111' title='bbox 615 1413 762 1469; x_wconf 88' lang='lat' dir='ltr'><strong>congruum</strong></span> <span class='ocrx_word' id='word_1_112' title='bbox 776 1407 883 1466; x_wconf 84' lang='lat' dir='ltr'><strong>ternpus</strong></span> 
     </span>
     <span class='ocr_line' id='line_1_16' title="bbox 55 1488 882 1562; baseline 0.002 -20"><span class='ocrx_word' id='word_1_113' title='bbox 55 1491 58 1495; x_wconf 85' lang='lat'>&#39;</span> <span class='ocrx_word' id='word_1_114' title='bbox 85 1488 204 1543; x_wconf 76' lang='lat' dir='ltr'><strong>inuitat?</strong></span> <span class='ocrx_word' id='word_1_115' title='bbox 219 1488 284 1544; x_wconf 88' lang='lat' dir='ltr'><strong>Sion</strong></span> <span class='ocrx_word' id='word_1_116' title='bbox 300 1504 363 1544; x_wconf 86' lang='lat' dir='ltr'><strong>uero</strong></span> <span class='ocrx_word' id='word_1_117' title='bbox 379 1504 456 1545; x_wconf 81' lang='lat' dir='ltr'><strong>urruns</strong></span> <span class='ocrx_word' id='word_1_118' title='bbox 469 1498 510 1544; x_wconf 86' lang='lat' dir='ltr'><strong>cst</strong></span> <span class='ocrx_word' id='word_1_119' title='bbox 521 1489 695 1562; x_wconf 80' lang='lat' dir='ltr'><strong>ierosolymis</strong></span> <span class='ocrx_word' id='word_1_120' title='bbox 710 1489 882 1552; x_wconf 86' lang='lat' dir='ltr'><strong>constitutus,</strong></span> 
     </span>
     <span class='ocr_line' id='line_1_17' title="bbox 88 1580 882 1654; baseline 0.005 -21"><span class='ocrx_word' id='word_1_121' title='bbox 88 1594 139 1648; x_wconf 85' lang='lat' dir='ltr'><strong>per</strong></span> <span class='ocrx_word' id='word_1_122' title='bbox 153 1591 231 1649; x_wconf 82' lang='lat' dir='ltr'><strong>guent</strong></span> <span class='ocrx_word' id='word_1_123' title='bbox 247 1580 331 1651; x_wconf 84' lang='lat' dir='ltr'><strong>(siout</strong></span> <span class='ocrx_word' id='word_1_124' title='bbox 344 1597 415 1650; x_wconf 83' lang='lat' dir='ltr'><strong>sape</strong></span> <span class='ocrx_word' id='word_1_125' title='bbox 427 1581 527 1636; x_wconf 89' lang='lat' dir='ltr'><strong>dictum</strong></span> <span class='ocrx_word' id='word_1_126' title='bbox 542 1580 596 1654; x_wconf 87' lang='lat' dir='ltr'><strong>est)</strong></span> <span class='ocrx_word' id='word_1_127' title='bbox 609 1581 774 1652; x_wconf 75' lang='lat' dir='ltr'><strong>significatur</strong></span> <span class='ocrx_word' id='word_1_128' title='bbox 789 1581 882 1637; x_wconf 75' lang='lat' dir='ltr'><strong>Eccle-</strong></span> 
     </span>
     <span class='ocr_line' id='line_1_18' title="bbox 86 1671 884 1745; baseline 0.005 -21"><span class='ocrx_word' id='word_1_129' title='bbox 86 1671 144 1737; x_wconf 81' lang='lat' dir='ltr'><strong>sia;</strong></span> <span class='ocrx_word' id='word_1_130' title='bbox 171 1672 213 1727; x_wconf 89' lang='lat' dir='ltr'><strong>oui</strong></span> <span class='ocrx_word' id='word_1_131' title='bbox 238 1686 332 1728; x_wconf 80' lang='lat' dir='ltr'><strong>reuera</strong></span> <span class='ocrx_word' id='word_1_132' title='bbox 358 1674 482 1729; x_wconf 79' lang='lat' dir='ltr'><strong>mbertus</strong></span> <span class='ocrx_word' id='word_1_133' title='bbox 506 1683 561 1738; x_wconf 89' lang='lat' dir='ltr'><strong>est,</strong></span> <span class='ocrx_word' id='word_1_134' title='bbox 587 1674 693 1745; x_wconf 84' lang='lat' dir='ltr'><strong>quando</strong></span> <span class='ocrx_word' id='word_1_135' title='bbox 716 1676 787 1729; x_wconf 79' lang='lat' dir='ltr'><strong>eant</strong></span> <span class='ocrx_word' id='word_1_136' title='bbox 798 1681 826 1729; x_wconf 90' lang='lat' dir='ltr'><strong>ct</strong></span> <span class='ocrx_word' id='word_1_137' title='bbox 849 1673 884 1729; x_wconf 90' lang='lat' dir='ltr'><strong>de</strong></span> 
     </span>
    </p>
   </div>
   <div class='ocr_carea' id='block_1_6' title="bbox 932 470 1732 1748">
    <p class='ocr_par' dir='ltr' id='par_1_6' title="bbox 932 470 1731 1288">
     <span class='ocr_line' id='line_1_19' title="bbox 932 470 1725 545; baseline 0.004 -16"><span class='ocrx_word' id='word_1_138' title='bbox 932 475 1025 545; x_wconf 82' lang='lat' dir='ltr'><strong>spreuit</strong></span> <span class='ocrx_word' id='word_1_139' title='bbox 1038 490 1124 545; x_wconf 86' lang='lat' dir='ltr'><strong>precer</strong></span> <span class='ocrx_word' id='word_1_140' title='bbox 1135 489 1233 528; x_wconf 86' lang='lat' dir='ltr'><strong>eurum.</strong></span> <span class='ocrx_word' id='word_1_141' title='bbox 1246 470 1376 543; x_wconf 82' lang='lat' dir='ltr'><strong>Pauperer</strong></span> <span class='ocrx_word' id='word_1_142' title='bbox 1386 471 1502 541; x_wconf 87' lang='lat' dir='ltr'><strong>appellat</strong></span> <span class='ocrx_word' id='word_1_143' title='bbox 1513 472 1605 528; x_wconf 79' lang='lat' dir='ltr'><strong>fideles</strong></span> <span class='ocrx_word' id='word_1_144' title='bbox 1616 474 1725 540; x_wconf 77' lang='lat' dir='ltr'><strong>Christi,</strong></span> 
     </span>
     <span class='ocr_line' id='line_1_20' title="bbox 932 565 1728 639; baseline 0.003 -17"><span class='ocrx_word' id='word_1_145' title='bbox 932 568 977 639; x_wconf 86' lang='lat' dir='ltr'><strong>qui</strong></span> <span class='ocrx_word' id='word_1_146' title='bbox 992 569 1072 637; x_wconf 87' lang='lat' dir='ltr'><strong>(sicut</strong></span> <span class='ocrx_word' id='word_1_147' title='bbox 1091 582 1164 636; x_wconf 77' lang='lat' dir='ltr'><strong>sape</strong></span> <span class='ocrx_word' id='word_1_148' title='bbox 1180 566 1280 622; x_wconf 86' lang='lat' dir='ltr'><strong>dictum</strong></span> <span class='ocrx_word' id='word_1_149' title='bbox 1296 565 1348 634; x_wconf 74' lang='lat' dir='ltr'><strong>est&gt;</strong></span> <span class='ocrx_word' id='word_1_150' title='bbox 1371 565 1470 620; x_wconf 90' lang='lat' dir='ltr'><strong>mundo</strong></span> <span class='ocrx_word' id='word_1_151' title='bbox 1484 566 1571 636; x_wconf 87' lang='lat' dir='ltr'><strong>egeni,</strong></span> <span class='ocrx_word' id='word_1_152' title='bbox 1593 568 1651 636; x_wconf 92' lang='lat' dir='ltr'><strong>ipso</strong></span> <span class='ocrx_word' id='word_1_153' title='bbox 1668 568 1728 624; x_wconf 82' lang='lat' dir='ltr'><strong>soto</strong></span> 
     </span>
     <span class='ocr_line' id='line_1_21' title="bbox 933 656 1729 729; baseline 0.001 -13"><span class='ocrx_word' id='word_1_154' title='bbox 933 669 997 716; x_wconf 86' lang='lat' dir='ltr'><strong>suut</strong></span> <span class='ocrx_word' id='word_1_155' title='bbox 1016 659 1122 715; x_wconf 82' lang='lat' dir='ltr'><strong>divites.</strong></span> <span class='ocrx_word' id='word_1_156' title='bbox 1145 658 1189 712; x_wconf 84' lang='lat' dir='ltr'><strong>lsti</strong></span> <span class='ocrx_word' id='word_1_157' title='bbox 1212 672 1276 728; x_wconf 87' lang='lat' dir='ltr'><strong>ergo</strong></span> <span class='ocrx_word' id='word_1_158' title='bbox 1296 656 1395 726; x_wconf 89' lang='lat' dir='ltr'><strong>Spiritu</strong></span> <span class='ocrx_word' id='word_1_159' title='bbox 1415 669 1508 712; x_wconf 72' lang='lat' dir='ltr'><strong>sancto</strong></span> <span class='ocrx_word' id='word_1_160' title='bbox 1528 657 1622 727; x_wconf 89' lang='lat' dir='ltr'><strong>repleti</strong></span> <span class='ocrx_word' id='word_1_161' title='bbox 1646 658 1729 729; x_wconf 87' lang='lat' dir='ltr'><strong>(siout</strong></span> 
     </span>
     <span class='ocr_line' id='line_1_22' title="bbox 933 750 1728 826; baseline 0.006 -19"><span class='ocrx_word' id='word_1_162' title='bbox 933 754 985 810; x_wconf 88' lang='lat' dir='ltr'><strong>iste</strong></span> <span class='ocrx_word' id='word_1_163' title='bbox 995 754 1041 823; x_wconf 83' lang='lat' dir='ltr'><strong>qui</strong></span> <span class='ocrx_word' id='word_1_164' title='bbox 1054 767 1124 808; x_wconf 91' lang='lat' dir='ltr'><strong>nuno</strong></span> <span class='ocrx_word' id='word_1_165' title='bbox 1136 751 1262 822; x_wconf 86' lang='lat' dir='ltr'><strong>loquttur)</strong></span> <span class='ocrx_word' id='word_1_166' title='bbox 1278 753 1426 807; x_wconf 87' lang='lat' dir='ltr'><strong>orationem</strong></span> <span class='ocrx_word' id='word_1_167' title='bbox 1439 750 1553 808; x_wconf 85' lang='lat' dir='ltr'><strong>[lumino</strong></span> <span class='ocrx_word' id='word_1_168' title='bbox 1563 755 1728 826; x_wconf 86' lang='lat' dir='ltr'><strong>tundebant,</strong></span> 
     </span>
     <span class='ocr_line' id='line_1_23' title="bbox 933 843 1728 914; baseline 0.006 -14"><span class='ocrx_word' id='word_1_169' title='bbox 933 855 962 900; x_wconf 94' lang='lat' dir='ltr'><strong>ut</strong></span> <span class='ocrx_word' id='word_1_170' title='bbox 973 844 1028 914; x_wconf 83' lang='lat' dir='ltr'><strong>jann</strong></span> <span class='ocrx_word' id='word_1_171' title='bbox 1042 844 1135 900; x_wconf 85' lang='lat' dir='ltr'><strong>venire</strong></span> <span class='ocrx_word' id='word_1_172' title='bbox 1151 843 1321 913; x_wconf 73' lang='lat' dir='ltr'><strong>proriperet,</strong></span> <span class='ocrx_word' id='word_1_173' title='bbox 1337 858 1371 899; x_wconf 90' lang='lat' dir='ltr'><strong>ne</strong></span> <span class='ocrx_word' id='word_1_174' title='bbox 1386 843 1486 901; x_wconf 86' lang='lat' dir='ltr'><strong>diutius</strong></span> <span class='ocrx_word' id='word_1_175' title='bbox 1499 854 1651 907; x_wconf 84' lang='lat' dir='ltr'><strong>sanctorum</strong></span> <span class='ocrx_word' id='word_1_176' title='bbox 1667 858 1728 904; x_wconf 75' lang='lat' dir='ltr'><strong>uota</strong></span> 
     </span>
     <span class='ocr_line' id='line_1_24' title="bbox 934 935 1730 1013; baseline 0.004 -20"><span class='ocrx_word' id='word_1_177' title='bbox 934 937 1063 993; x_wconf 80' lang='lat' dir='ltr'><strong>tardaret.</strong></span> <span class='ocrx_word' id='word_1_178' title='bbox 1090 935 1159 991; x_wconf 90' lang='lat' dir='ltr'><strong>llicit</strong></span> <span class='ocrx_word' id='word_1_179' title='bbox 1172 936 1242 990; x_wconf 91' lang='lat' dir='ltr'><strong>enim</strong></span> <span class='ocrx_word' id='word_1_180' title='bbox 1256 945 1396 1005; x_wconf 83' lang='lat' dir='ltr'><strong>respectam</strong></span> <span class='ocrx_word' id='word_1_181' title='bbox 1410 953 1465 992; x_wconf 84' lang='lat' dir='ltr'><strong>erse</strong></span> <span class='ocrx_word' id='word_1_182' title='bbox 1480 941 1619 995; x_wconf 90' lang='lat' dir='ltr'><strong>orationem</strong></span> <span class='ocrx_word' id='word_1_183' title='bbox 1633 957 1730 1013; x_wconf 85' lang='lat' dir='ltr'><strong>paupe·</strong></span> 
     </span>
     <span class='ocr_line' id='line_1_25' title="bbox 933 1028 1731 1107; baseline 0.009 -22"><span class='ocrx_word' id='word_1_184' title='bbox 933 1048 1002 1098; x_wconf 85' lang='lat' dir='ltr'><strong>rum,</strong></span> <span class='ocrx_word' id='word_1_185' title='bbox 1025 1031 1088 1100; x_wconf 79' lang='lat' dir='ltr'><strong>quia</strong></span> <span class='ocrx_word' id='word_1_186' title='bbox 1107 1030 1196 1084; x_wconf 87' lang='lat' dir='ltr'><strong>omnia</strong></span> <span class='ocrx_word' id='word_1_187' title='bbox 1218 1028 1263 1083; x_wconf 93' lang='lat' dir='ltr'><strong>ille</strong></span> <span class='ocrx_word' id='word_1_188' title='bbox 1283 1031 1463 1099; x_wconf 81' lang='lat' dir='ltr'><strong>incorporalia</strong></span> <span class='ocrx_word' id='word_1_189' title='bbox 1485 1043 1637 1098; x_wconf 76' lang='lat' dir='ltr'><strong>contuetur,</strong></span> <span class='ocrx_word' id='word_1_190' title='bbox 1653 1036 1731 1107; x_wconf 70' lang='lat' dir='ltr'><strong>curius</strong></span> 
     </span>
     <span class='ocr_line' id='line_1_26' title="bbox 934 1112 1731 1198; baseline 0.008 -19"><span class='ocrx_word' id='word_1_191' title='bbox 934 1125 1019 1181; x_wconf 75' lang='lat' dir='ltr'><strong>arculis</strong></span> <span class='ocrx_word' id='word_1_192' title='bbox 1042 1123 1078 1178; x_wconf 94' lang='lat' dir='ltr'><strong>nil</strong></span> <span class='ocrx_word' id='word_1_193' title='bbox 1099 1112 1395 1192; x_wconf 52' lang='lat' dir='ltr'><strong>probatur‘occultum.</strong></span> <span class='ocrx_word' id='word_1_194' title='bbox 1416 1125 1472 1180; x_wconf 90' lang='lat' dir='ltr'><strong>lloc</strong></span> <span class='ocrx_word' id='word_1_195' title='bbox 1493 1136 1534 1188; x_wconf 87' lang='lat' dir='ltr'><strong>est</strong></span> <span class='ocrx_word' id='word_1_196' title='bbox 1552 1127 1625 1182; x_wconf 88' lang='lat' dir='ltr'><strong>enirn</strong></span> <span class='ocrx_word' id='word_1_197' title='bbox 1648 1131 1731 1198; x_wconf 88' lang='lat' dir='ltr'><strong>ipsius</strong></span> 
     </span>
     <span class='ocr_line' id='line_1_27' title="bbox 935 1217 1394 1288; baseline -0.009 -13"><span class='ocrx_word' id='word_1_198' title='bbox 935 1218 1083 1288; x_wconf 79' lang='lat' dir='ltr'><strong>respicere,</strong></span> <span class='ocrx_word' id='word_1_199' title='bbox 1100 1217 1172 1287; x_wconf 81' lang='lat' dir='ltr'><strong>quod</strong></span> <span class='ocrx_word' id='word_1_200' title='bbox 1189 1232 1241 1271; x_wconf 93' lang='lat' dir='ltr'><strong>non</strong></span> <span class='ocrx_word' id='word_1_201' title='bbox 1257 1232 1394 1288; x_wconf 89' lang='lat' dir='ltr'><strong>spernere.</strong></span> 
     </span>
    </p>

    <p class='ocr_par' dir='ltr' id='par_1_7' title="bbox 935 1309 1732 1748">
     <span class='ocr_line' id='line_1_28' title="bbox 971 1309 1732 1381; baseline 0.003 -17"><span class='ocrx_word' id='word_1_202' title='bbox 971 1311 1046 1366; x_wconf 84' lang='lat' dir='ltr'><strong>l&#39;ers.</strong></span> <span class='ocrx_word' id='word_1_203' title='bbox 1068 1310 1110 1365; x_wconf 84' lang='grc'><strong>19.</strong></span> <span class='ocrx_word' id='word_1_204' title='bbox 1132 1309 1285 1364; x_wconf 77' lang='lat' dir='ltr'><strong>Scribuntur</strong></span> <span class='ocrx_word' id='word_1_205' title='bbox 1302 1309 1357 1364; x_wconf 83' lang='lat' dir='ltr'><strong>buc</strong></span> <span class='ocrx_word' id='word_1_206' title='bbox 1377 1311 1403 1364; x_wconf 89' lang='lat' dir='ltr'><strong>in</strong></span> <span class='ocrx_word' id='word_1_207' title='bbox 1416 1311 1577 1381; x_wconf 80' lang='lat' dir='ltr'><strong>generatione</strong></span> <span class='ocrx_word' id='word_1_208' title='bbox 1596 1312 1686 1378; x_wconf 88' lang='lat' dir='ltr'><strong>alteru,</strong></span> <span class='ocrx_word' id='word_1_209' title='bbox 1706 1322 1732 1368; x_wconf 89' lang='grc' dir='ltr'><strong>ιι</strong></span> 
     </span>
     <span class='ocr_line' id='line_1_29' title="bbox 936 1400 1732 1473; baseline 0.003 -16"><span class='ocrx_word' id='word_1_210' title='bbox 936 1402 1046 1472; x_wconf 86' lang='lat' dir='ltr'><strong>popalus</strong></span> <span class='ocrx_word' id='word_1_211' title='bbox 1060 1401 1104 1472; x_wconf 81' lang='lat' dir='ltr'><strong>qui</strong></span> <span class='ocrx_word' id='word_1_212' title='bbox 1120 1401 1247 1455; x_wconf 70' lang='lat' dir='ltr'><strong>creabitur</strong></span> <span class='ocrx_word' id='word_1_213' title='bbox 1261 1400 1377 1455; x_wconf 81' lang='lat' dir='ltr'><strong>laudabit</strong></span> <span class='ocrx_word' id='word_1_214' title='bbox 1394 1401 1541 1458; x_wconf 72' lang='lat' dir='ltr'><strong>bominum.</strong></span> <span class='ocrx_word' id='word_1_215' title='bbox 1569 1403 1672 1473; x_wconf 82' lang='lat' dir='ltr'><strong>Pauper</strong></span> <span class='ocrx_word' id='word_1_216' title='bbox 1687 1402 1732 1460; x_wconf 82' lang='lat' dir='ltr'><strong>itta</strong></span> 
     </span>
     <span class='ocr_line' id='line_1_30' title="bbox 935 1493 1732 1566; baseline 0.006 -17"><span class='ocrx_word' id='word_1_217' title='bbox 935 1504 1106 1565; x_wconf 86' lang='lat' dir='ltr'><strong>peccatorum</strong></span> <span class='ocrx_word' id='word_1_218' title='bbox 1121 1493 1311 1550; x_wconf 88' lang='lat' dir='ltr'><strong>recordatione</strong></span> <span class='ocrx_word' id='word_1_219' title='bbox 1325 1497 1470 1557; x_wconf 71' lang='lat' dir='ltr'><strong>coturnus,</strong></span> <span class='ocrx_word' id='word_1_220' title='bbox 1488 1496 1584 1566; x_wconf 82' lang='lat' dir='ltr'><strong>uigiliis</strong></span> <span class='ocrx_word' id='word_1_221' title='bbox 1599 1508 1625 1552; x_wconf 91' lang='grc' dir='ltr'><strong>ιι</strong></span> <span class='ocrx_word' id='word_1_222' title='bbox 1640 1495 1732 1554; x_wconf 80' lang='lat' dir='ltr'><strong>anxie·</strong></span> 
     </span>
     <span class='ocr_line' id='line_1_31' title="bbox 936 1585 1732 1656; baseline 0.008 -15"><span class='ocrx_word' id='word_1_223' title='bbox 936 1585 1221 1655; x_wconf 85' lang='lat' dir='ltr'><strong>tateconlectus,ja1n</strong></span> <span class='ocrx_word' id='word_1_224' title='bbox 1243 1586 1319 1654; x_wconf 71' lang='lat' dir='ltr'><strong>«guasi</strong></span> <span class='ocrx_word' id='word_1_225' title='bbox 1335 1587 1483 1656; x_wconf 88' lang='lat' dir='ltr'><strong>prophetali</strong></span> <span class='ocrx_word' id='word_1_226' title='bbox 1505 1590 1606 1645; x_wconf 89' lang='lat' dir='ltr'><strong>bonore</strong></span> <span class='ocrx_word' id='word_1_227' title='bbox 1620 1590 1732 1647; x_wconf 77' lang='lat' dir='ltr'><strong>decora·</strong></span> 
     </span>
     <span class='ocr_line' id='line_1_32' title="bbox 937 1675 1732 1748; baseline 0.011 -18"><span class='ocrx_word' id='word_1_228' title='bbox 937 1675 1134 1748; x_wconf 65' lang='lat' dir='ltr'><strong>onerarentur</strong></span> <span class='ocrx_word' id='word_1_229' title='bbox 1158 1685 1187 1731; x_wconf 94' lang='lat' dir='ltr'><strong>ut</strong></span> <span class='ocrx_word' id='word_1_230' title='bbox 1204 1676 1350 1747; x_wconf 69' lang='lat' dir='ltr'><strong>Scriptura</strong></span> <span class='ocrx_word' id='word_1_231' title='bbox 1376 1677 1531 1734; x_wconf 86' lang='lat' dir='ltr'><strong>testimonio</strong></span> <span class='ocrx_word' id='word_1_232' title='bbox 1556 1690 1622 1736; x_wconf 72' lang='lat' dir='ltr'><strong>atas</strong></span> <span class='ocrx_word' id='word_1_233' title='bbox 1644 1681 1732 1739; x_wconf 81' lang='lat' dir='ltr'><strong>tntum</strong></span> 
     </span>
    </p>
   </div>
   <div class='ocr_carea' id='block_1_7' title="bbox 86 1765 1731 1841">
    <p class='ocr_par' dir='ltr' id='par_1_8' title="bbox 86 1765 1731 1841">
     <span class='ocr_line' id='line_1_33' title="bbox 86 1765 1731 1841; baseline 0.004 -21"><span class='ocrx_word' id='word_1_234' title='bbox 86 1765 216 1836; x_wconf 88' lang='lat' dir='ltr'><strong>gentibus</strong></span> <span class='ocrx_word' id='word_1_235' title='bbox 237 1766 356 1837; x_wconf 76' lang='lat' dir='ltr'><strong>collegit,</strong></span> <span class='ocrx_word' id='word_1_236' title='bbox 379 1775 406 1822; x_wconf 91' lang='grc' dir='ltr'><strong>ιι</strong></span> <span class='ocrx_word' id='word_1_237' title='bbox 427 1767 609 1824; x_wconf 86' lang='lat' dir='ltr'><strong>sacratissima</strong></span> <span class='ocrx_word' id='word_1_238' title='bbox 632 1766 800 1823; x_wconf 85' lang='lat' dir='ltr'><strong>institutione</strong></span> <span class='ocrx_word' id='word_1_239' title='bbox 822 1765 883 1821; x_wconf 89' lang='lat' dir='ltr'><strong>lun·</strong></span> <span class='ocrx_word' id='word_1_240' title='bbox 901 1768 1024 1833; x_wconf 81' lang='lat' dir='ltr'><strong>ndlscat</strong></span> <span class='ocrx_word' id='word_1_241' title='bbox 1046 1766 1163 1837; x_wconf 88' lang='lat' dir='ltr'><strong>quadiu</strong></span> <span class='ocrx_word' id='word_1_242' title='bbox 1184 1768 1308 1836; x_wconf 82' lang='lat' dir='ltr'><strong>praesenti</strong></span> <span class='ocrx_word' id='word_1_243' title='bbox 1324 1781 1354 1823; x_wconf 91' lang='lat' dir='ltr'><strong>sc</strong></span> <span class='ocrx_word' id='word_1_244' title='bbox 1370 1768 1530 1837; x_wconf 75' lang='lat' dir='ltr'><strong>predicasse</strong></span> <span class='ocrx_word' id='word_1_245' title='bbox 1550 1780 1731 1841; x_wconf 60' lang='lat' dir='ltr'><strong>cognoveram</strong></span> 
     </span>
    </p>
   </div>
   <div class='ocr_carea' id='block_1_8' title="bbox 87 1855 175 1910">
    <p class='ocr_par' dir='ltr' id='par_1_9' title="bbox 87 1855 175 1910">
     <span class='ocr_line' id='line_1_34' title="bbox 87 1855 175 1910; baseline 0 0"><span class='ocrx_word' id='word_1_246' title='bbox 87 1855 175 1910; x_wconf 81' lang='lat' dir='ltr'><strong>davit.</strong></span> 
     </span>
    </p>
   </div>
   <div class='ocr_carea' id='block_1_9' title="bbox 939 1857 1732 1928">
    <p class='ocr_par' dir='ltr' id='par_1_10' title="bbox 939 1857 1732 1928">
     <span class='ocr_line' id='line_1_35' title="bbox 939 1857 1732 1928; baseline 0.009 -16"><span class='ocrx_word' id='word_1_247' title='bbox 939 1867 970 1912; x_wconf 89' lang='lat' dir='ltr'><strong>ut</strong></span> <span class='ocrx_word' id='word_1_248' title='bbox 986 1857 1137 1927; x_wconf 84' lang='lat' dir='ltr'><strong>ambignum</strong></span> <span class='ocrx_word' id='word_1_249' title='bbox 1158 1873 1211 1912; x_wconf 90' lang='lat' dir='ltr'><strong>nou</strong></span> <span class='ocrx_word' id='word_1_250' title='bbox 1225 1866 1297 1914; x_wconf 86' lang='lat' dir='ltr'><strong>essct</strong></span> <span class='ocrx_word' id='word_1_251' title='bbox 1316 1857 1477 1924; x_wconf 85' lang='lat' dir='ltr'><strong>videntibus,</strong></span> <span class='ocrx_word' id='word_1_252' title='bbox 1492 1861 1600 1928; x_wconf 82' lang='lat' dir='ltr'><strong>quaudo</strong></span> <span class='ocrx_word' id='word_1_253' title='bbox 1619 1870 1681 1918; x_wconf 89' lang='lat' dir='ltr'><strong>ante</strong></span> <span class='ocrx_word' id='word_1_254' title='bbox 1695 1871 1732 1919; x_wconf 91' lang='lat' dir='ltr'><strong>tot</strong></span> 
     </span>
    </p>
   </div>
   <div class='ocr_carea' id='block_1_10' title="bbox 27 1947 1736 3039">
    <p class='ocr_par' dir='ltr' id='par_1_11' title="bbox 27 1947 1736 3039">
     <span class='ocr_line' id='line_1_36' title="bbox 126 1947 1733 2021; baseline 0.004 -17"><span class='ocrx_word' id='word_1_255' title='bbox 126 1947 207 2005; x_wconf 82' lang='lat' dir='ltr'><strong>llere.</strong></span> <span class='ocrx_word' id='word_1_256' title='bbox 222 1950 267 2007; x_wconf 85' lang='grc'><strong>15.</strong></span> <span class='ocrx_word' id='word_1_257' title='bbox 289 1949 416 2016; x_wconf 84' lang='lat' dir='ltr'><strong>Quoniam</strong></span> <span class='ocrx_word' id='word_1_258' title='bbox 432 1950 602 2021; x_wconf 79' lang='lat' dir='ltr'><strong>beneplacitos</strong></span> <span class='ocrx_word' id='word_1_259' title='bbox 616 1950 758 2005; x_wconf 84' lang='lat' dir='ltr'><strong>babuerunt</strong></span> <span class='ocrx_word' id='word_1_260' title='bbox 770 1950 837 2006; x_wconf 73' lang='lat' dir='ltr'><strong>omui</strong></span> <span class='ocrx_word' id='word_1_261' title='bbox 849 1951 887 2004; x_wconf 87' lang='lat' dir='ltr'><strong>tui</strong></span> <span class='ocrx_word' id='word_1_262' title='bbox 939 1949 1037 2004; x_wconf 77' lang='lat' dir='ltr'><strong>secuta</strong></span> <span class='ocrx_word' id='word_1_263' title='bbox 1057 1958 1249 2020; x_wconf 78' lang='lat' dir='ltr'><strong>cognoscerent</strong></span> <span class='ocrx_word' id='word_1_264' title='bbox 1270 1963 1331 2004; x_wconf 85' lang='lat' dir='ltr'><strong>esse</strong></span> <span class='ocrx_word' id='word_1_265' title='bbox 1355 1949 1522 2018; x_wconf 82' lang='lat' dir='ltr'><strong>prediorum.</strong></span> <span class='ocrx_word' id='word_1_266' title='bbox 1547 1951 1639 2008; x_wconf 79' lang='lat' dir='ltr'><strong>Altera</strong></span> <span class='ocrx_word' id='word_1_267' title='bbox 1660 1955 1733 2011; x_wconf 88' lang='lat' dir='ltr'><strong>euim</strong></span> 
     </span>
     <span class='ocr_line' id='line_1_37' title="bbox 87 2040 1733 2115; baseline 0.004 -19"><span class='ocrx_word' id='word_1_268' title='bbox 87 2042 193 2112; x_wconf 75' lang='lat' dir='ltr'><strong>lapideo</strong></span> <span class='ocrx_word' id='word_1_269' title='bbox 214 2045 282 2115; x_wconf 75' lang='lat' dir='ltr'><strong>ejus,</strong></span> <span class='ocrx_word' id='word_1_270' title='bbox 307 2052 331 2098; x_wconf 89' lang='lat' dir='ltr'><strong>et</strong></span> <span class='ocrx_word' id='word_1_271' title='bbox 355 2051 428 2098; x_wconf 84' lang='lat' dir='ltr'><strong>terra</strong></span> <span class='ocrx_word' id='word_1_272' title='bbox 452 2044 507 2114; x_wconf 75' lang='lat' dir='ltr'><strong>ejus</strong></span> <span class='ocrx_word' id='word_1_273' title='bbox 528 2045 724 2098; x_wconf 73' lang='lat' dir='ltr'><strong>minuebantur.</strong></span> <span class='ocrx_word' id='word_1_274' title='bbox 749 2041 889 2099; x_wconf 86' lang='lat' dir='ltr'><strong>Subtiliter</strong></span> <span class='ocrx_word' id='word_1_275' title='bbox 939 2040 1078 2111; x_wconf 80' lang='lat' dir='ltr'><strong>generatio</strong></span> <span class='ocrx_word' id='word_1_276' title='bbox 1104 2040 1270 2111; x_wconf 85' lang='lat' dir='ltr'><strong>significatur</strong></span> <span class='ocrx_word' id='word_1_277' title='bbox 1295 2042 1409 2111; x_wconf 84' lang='lat' dir='ltr'><strong>populus</strong></span> <span class='ocrx_word' id='word_1_278' title='bbox 1437 2042 1528 2112; x_wconf 82' lang='lat' dir='ltr'><strong>utique</strong></span> <span class='ocrx_word' id='word_1_279' title='bbox 1550 2043 1733 2112; x_wconf 79' lang='lat' dir='ltr'><strong>Christianus,</strong></span> 
     </span>
     <span class='ocr_line' id='line_1_38' title="bbox 88 2130 1733 2207; baseline 0.004 -19"><span class='ocrx_word' id='word_1_280' title='bbox 88 2150 188 2192; x_wconf 82' lang='grc' dir='ltr'>ιιιιιιι</span> <span class='ocrx_word' id='word_1_281' title='bbox 208 2135 260 2191; x_wconf 88' lang='grc' dir='ltr'>ἰιιι</span> <span class='ocrx_word' id='word_1_282' title='bbox 281 2136 435 2192; x_wconf 88' lang='lat' dir='ltr'><strong>tractandus</strong></span> <span class='ocrx_word' id='word_1_283' title='bbox 457 2144 509 2204; x_wconf 91' lang='grc' dir='ltr'>ιιι,</span> <span class='ocrx_word' id='word_1_284' title='bbox 534 2144 563 2190; x_wconf 89' lang='grc' dir='ltr'><strong>ιι</strong></span> <span class='ocrx_word' id='word_1_285' title='bbox 583 2134 668 2206; x_wconf 86' lang='lat' dir='ltr'><strong>possit</strong></span> <span class='ocrx_word' id='word_1_286' title='bbox 688 2135 797 2205; x_wconf 79' lang='lat' dir='ltr'><strong>agnosci</strong></span> <span class='ocrx_word' id='word_1_287' title='bbox 820 2147 888 2207; x_wconf 83' lang='lat' dir='ltr'><strong>quos</strong></span> <span class='ocrx_word' id='word_1_288' title='bbox 939 2133 985 2202; x_wconf 83' lang='lat' dir='ltr'><strong>qui</strong></span> <span class='ocrx_word' id='word_1_289' title='bbox 999 2130 1034 2187; x_wconf 86' lang='lat' dir='ltr'><strong>ab</strong></span> <span class='ocrx_word' id='word_1_290' title='bbox 1051 2131 1099 2188; x_wconf 89' lang='lat' dir='ltr'><strong>illo</strong></span> <span class='ocrx_word' id='word_1_291' title='bbox 1119 2132 1208 2202; x_wconf 88' lang='lat' dir='ltr'><strong>priore</strong></span> <span class='ocrx_word' id='word_1_292' title='bbox 1221 2133 1361 2188; x_wconf 84' lang='lat' dir='ltr'><strong>secundus</strong></span> <span class='ocrx_word' id='word_1_293' title='bbox 1380 2143 1431 2188; x_wconf 83' lang='lat' dir='ltr'><strong>ast.</strong></span> <span class='ocrx_word' id='word_1_294' title='bbox 1453 2133 1519 2189; x_wconf 87' lang='lat' dir='ltr'><strong>Nam</strong></span> <span class='ocrx_word' id='word_1_295' title='bbox 1540 2135 1601 2191; x_wconf 81' lang='lat' dir='ltr'><strong>ride</strong></span> <span class='ocrx_word' id='word_1_296' title='bbox 1615 2137 1677 2207; x_wconf 82' lang='lat' dir='ltr'><strong>quid</strong></span> <span class='ocrx_word' id='word_1_297' title='bbox 1691 2153 1733 2195; x_wconf 88' lang='lat' dir='ltr'><strong>se·</strong></span> 
     </span>
     <span class='ocr_line' id='line_1_39' title="bbox 88 2225 1733 2301; baseline 0.004 -20"><span class='ocrx_word' id='word_1_298' title='bbox 88 2243 189 2296; x_wconf 81' lang='lat' dir='ltr'><strong>remor,</strong></span> <span class='ocrx_word' id='word_1_299' title='bbox 214 2242 282 2299; x_wconf 80' lang='lat' dir='ltr'><strong>qaros</strong></span> <span class='ocrx_word' id='word_1_300' title='bbox 305 2229 415 2298; x_wconf 84' lang='lat' dir='ltr'><strong>lapides,</strong></span> <span class='ocrx_word' id='word_1_301' title='bbox 438 2241 506 2298; x_wconf 85' lang='lat' dir='ltr'><strong>quos</strong></span> <span class='ocrx_word' id='word_1_302' title='bbox 530 2237 638 2291; x_wconf 89' lang='lat' dir='ltr'><strong>terrum,</strong></span> <span class='ocrx_word' id='word_1_303' title='bbox 663 2225 888 2297; x_wconf 89' lang='lat' dir='ltr'><strong>perallegoriam</strong></span> <span class='ocrx_word' id='word_1_304' title='bbox 939 2226 1039 2296; x_wconf 84' lang='lat' dir='ltr'><strong>quitur,</strong></span> <span class='ocrx_word' id='word_1_305' title='bbox 1060 2235 1084 2280; x_wconf 92' lang='lat' dir='ltr'><strong>et</strong></span> <span class='ocrx_word' id='word_1_306' title='bbox 1098 2227 1208 2301; x_wconf 80' lang='lat' dir='ltr'><strong>populus</strong></span> <span class='ocrx_word' id='word_1_307' title='bbox 1230 2228 1275 2299; x_wconf 81' lang='lat' dir='ltr'><strong>gui</strong></span> <span class='ocrx_word' id='word_1_308' title='bbox 1297 2227 1424 2282; x_wconf 86' lang='lat' dir='ltr'><strong>creabitur</strong></span> <span class='ocrx_word' id='word_1_309' title='bbox 1450 2230 1565 2285; x_wconf 84' lang='lat' dir='ltr'><strong>laudabit</strong></span> <span class='ocrx_word' id='word_1_310' title='bbox 1583 2229 1733 2288; x_wconf 80' lang='lat' dir='ltr'><strong>Dourinrun.</strong></span> 
     </span>
     <span class='ocr_line' id='line_1_40' title="bbox 27 2314 1735 2396; baseline 0.005 -24"><span class='ocrx_word' id='word_1_311' title='bbox 27 2320 37 2341; x_wconf 66' lang='lat'><strong>⁸</strong></span> <span class='ocrx_word' id='word_1_312' title='bbox 90 2320 160 2375; x_wconf 86' lang='lat' dir='ltr'><strong>velit</strong></span> <span class='ocrx_word' id='word_1_313' title='bbox 178 2319 301 2390; x_wconf 84' lang='lat' dir='ltr'><strong>intelligi.</strong></span> <span class='ocrx_word' id='word_1_314' title='bbox 323 2318 416 2376; x_wconf 81' lang='lat' dir='ltr'><strong>Servor</strong></span> <span class='ocrx_word' id='word_1_315' title='bbox 433 2319 539 2374; x_wconf 86' lang='lat' dir='ltr'><strong>Domini</strong></span> <span class='ocrx_word' id='word_1_316' title='bbox 555 2319 622 2374; x_wconf 91' lang='lat' dir='ltr'><strong>dicit</strong></span> <span class='ocrx_word' id='word_1_317' title='bbox 635 2318 771 2389; x_wconf 87' lang='lat' dir='ltr'><strong>apostolos</strong></span> <span class='ocrx_word' id='word_1_318' title='bbox 785 2326 812 2374; x_wconf 91' lang='lat' dir='ltr'><strong>ct</strong></span> <span class='ocrx_word' id='word_1_319' title='bbox 827 2330 890 2388; x_wconf 90' lang='lat' dir='ltr'><strong>pru-</strong></span> <span class='ocrx_word' id='word_1_320' title='bbox 940 2314 1084 2385; x_wconf 82' lang='lat' dir='ltr'><strong>creabitur,</strong></span> <span class='ocrx_word' id='word_1_321' title='bbox 1099 2317 1133 2373; x_wconf 90' lang='lat' dir='ltr'><strong>de</strong></span> <span class='ocrx_word' id='word_1_322' title='bbox 1147 2317 1237 2373; x_wconf 82' lang='lat' dir='ltr'><strong>tuturo</strong></span> <span class='ocrx_word' id='word_1_323' title='bbox 1251 2318 1327 2385; x_wconf 81' lang='lat' dir='ltr'><strong>dixit,</strong></span> <span class='ocrx_word' id='word_1_324' title='bbox 1342 2317 1433 2386; x_wconf 87' lang='lat' dir='ltr'><strong>idest,</strong></span> <span class='ocrx_word' id='word_1_325' title='bbox 1449 2336 1498 2391; x_wconf 87' lang='lat' dir='ltr'><strong>per</strong></span> <span class='ocrx_word' id='word_1_326' title='bbox 1510 2323 1622 2393; x_wconf 90' lang='lat' dir='ltr'><strong>gratiam</strong></span> <span class='ocrx_word' id='word_1_327' title='bbox 1636 2325 1735 2396; x_wconf 87' lang='lat' dir='ltr'><strong>baptis·</strong></span> 
     </span>
     <span class='ocr_line' id='line_1_41' title="bbox 91 2410 1735 2483; baseline 0.005 -20"><span class='ocrx_word' id='word_1_328' title='bbox 91 2411 201 2483; x_wconf 80' lang='lat' dir='ltr'><strong>phetas,</strong></span> <span class='ocrx_word' id='word_1_329' title='bbox 219 2412 266 2482; x_wconf 84' lang='lat' dir='ltr'><strong>qui</strong></span> <span class='ocrx_word' id='word_1_330' title='bbox 287 2410 391 2467; x_wconf 80' lang='lat' dir='ltr'><strong>deuotis</strong></span> <span class='ocrx_word' id='word_1_331' title='bbox 411 2413 544 2467; x_wconf 89' lang='lat' dir='ltr'><strong>mentibus</strong></span> <span class='ocrx_word' id='word_1_332' title='bbox 564 2415 623 2481; x_wconf 83' lang='lat' dir='ltr'><strong>ejus</strong></span> <span class='ocrx_word' id='word_1_333' title='bbox 641 2410 788 2480; x_wconf 83' lang='lat' dir='ltr'><strong>impleuere</strong></span> <span class='ocrx_word' id='word_1_334' title='bbox 807 2410 891 2466; x_wconf 85' lang='lat' dir='ltr'><strong>serri-</strong></span> <span class='ocrx_word' id='word_1_335' title='bbox 940 2410 1020 2466; x_wconf 86' lang='lat' dir='ltr'><strong>utatis</strong></span> <span class='ocrx_word' id='word_1_336' title='bbox 1036 2411 1248 2480; x_wconf 82' lang='lat' dir='ltr'><strong>regenerabitur.</strong></span> <span class='ocrx_word' id='word_1_337' title='bbox 1275 2410 1328 2466; x_wconf 85' lang='lat' dir='ltr'><strong>lste</strong></span> <span class='ocrx_word' id='word_1_338' title='bbox 1342 2413 1401 2466; x_wconf 88' lang='lat' dir='ltr'><strong>sine</strong></span> <span class='ocrx_word' id='word_1_339' title='bbox 1413 2412 1494 2469; x_wconf 89' lang='lat' dir='ltr'><strong>dubio</strong></span> <span class='ocrx_word' id='word_1_340' title='bbox 1509 2415 1624 2470; x_wconf 83' lang='lat' dir='ltr'><strong>laudabit</strong></span> <span class='ocrx_word' id='word_1_341' title='bbox 1646 2415 1735 2472; x_wconf 81' lang='lat' dir='ltr'><strong>Doml-</strong></span> 
     </span>
     <span class='ocr_line' id='line_1_42' title="bbox 91 2500 1735 2578; baseline 0.004 -20"><span class='ocrx_word' id='word_1_342' title='bbox 91 2503 172 2558; x_wconf 87' lang='lat' dir='ltr'><strong>tium.</strong></span> <span class='ocrx_word' id='word_1_343' title='bbox 198 2502 244 2560; x_wconf 89' lang='lat' dir='ltr'><strong>lstl</strong></span> <span class='ocrx_word' id='word_1_344' title='bbox 266 2504 377 2576; x_wconf 82' lang='lat' dir='ltr'><strong>lapides,</strong></span> <span class='ocrx_word' id='word_1_345' title='bbox 391 2504 416 2559; x_wconf 89' lang='lat' dir='ltr'><strong>id</strong></span> <span class='ocrx_word' id='word_1_346' title='bbox 430 2513 472 2559; x_wconf 90' lang='lat' dir='ltr'><strong>est</strong></span> <span class='ocrx_word' id='word_1_347' title='bbox 485 2502 664 2570; x_wconf 82' lang='lat' dir='ltr'><strong>Christianos,</strong></span> <span class='ocrx_word' id='word_1_348' title='bbox 680 2504 725 2574; x_wconf 84' lang='lat' dir='ltr'><strong>qui</strong></span> <span class='ocrx_word' id='word_1_349' title='bbox 741 2503 830 2558; x_wconf 83' lang='lat' dir='ltr'><strong>diviua</strong></span> <span class='ocrx_word' id='word_1_350' title='bbox 845 2500 890 2559; x_wconf 80' lang='lat' dir='ltr'><strong>dr·</strong></span> <span class='ocrx_word' id='word_1_351' title='bbox 941 2520 1013 2571; x_wconf 89' lang='lat' dir='ltr'><strong>num,</strong></span> <span class='ocrx_word' id='word_1_352' title='bbox 1028 2503 1061 2559; x_wconf 90' lang='lat' dir='ltr'><strong>ad</strong></span> <span class='ocrx_word' id='word_1_353' title='bbox 1075 2503 1152 2574; x_wconf 87' lang='lat' dir='ltr'><strong>cujus</strong></span> <span class='ocrx_word' id='word_1_354' title='bbox 1164 2504 1278 2560; x_wconf 89' lang='lat' dir='ltr'><strong>salutem</strong></span> <span class='ocrx_word' id='word_1_355' title='bbox 1289 2505 1375 2572; x_wconf 84' lang='lat' dir='ltr'><strong>uenit,</strong></span> <span class='ocrx_word' id='word_1_356' title='bbox 1390 2521 1438 2574; x_wconf 88' lang='lat' dir='ltr'><strong>pro</strong></span> <span class='ocrx_word' id='word_1_357' title='bbox 1450 2521 1503 2577; x_wconf 89' lang='lat' dir='ltr'><strong>quo</strong></span> <span class='ocrx_word' id='word_1_358' title='bbox 1515 2507 1624 2578; x_wconf 90' lang='lat' dir='ltr'><strong>pertulit</strong></span> <span class='ocrx_word' id='word_1_359' title='bbox 1637 2510 1735 2577; x_wconf 87' lang='lat' dir='ltr'><strong>occidi,</strong></span> 
     </span>
     <span class='ocr_line' id='line_1_43' title="bbox 91 2593 1735 2669; baseline 0.004 -17"><span class='ocrx_word' id='word_1_360' title='bbox 91 2596 188 2653; x_wconf 81' lang='lat' dir='ltr'><strong>unitate</strong></span> <span class='ocrx_word' id='word_1_361' title='bbox 206 2596 357 2665; x_wconf 86' lang='lat' dir='ltr'><strong>riguerunt,</strong></span> <span class='ocrx_word' id='word_1_362' title='bbox 374 2595 544 2667; x_wconf 84' lang='lat' dir='ltr'><strong>beneptucitor</strong></span> <span class='ocrx_word' id='word_1_363' title='bbox 564 2595 718 2661; x_wconf 76' lang='lat' dir='ltr'><strong>tabuerunt,</strong></span> <span class='ocrx_word' id='word_1_364' title='bbox 733 2594 840 2667; x_wconf 80' lang='lat' dir='ltr'><strong>quando</strong></span> <span class='ocrx_word' id='word_1_365' title='bbox 862 2593 890 2650; x_wconf 90' lang='lat' dir='ltr'><strong>in</strong></span> <span class='ocrx_word' id='word_1_366' title='bbox 941 2598 975 2653; x_wconf 86' lang='lat' dir='ltr'><strong>ad</strong></span> <span class='ocrx_word' id='word_1_367' title='bbox 987 2597 1064 2669; x_wconf 83' lang='lat' dir='ltr'><strong>cujus</strong></span> <span class='ocrx_word' id='word_1_368' title='bbox 1081 2611 1157 2666; x_wconf 87' lang='lat' dir='ltr'><strong>spem</strong></span> <span class='ocrx_word' id='word_1_369' title='bbox 1173 2597 1252 2652; x_wconf 88' lang='lat' dir='ltr'><strong>tertio</strong></span> <span class='ocrx_word' id='word_1_370' title='bbox 1267 2596 1311 2653; x_wconf 90' lang='lat' dir='ltr'><strong>die</strong></span> <span class='ocrx_word' id='word_1_371' title='bbox 1330 2600 1478 2656; x_wconf 81' lang='lat' dir='ltr'><strong>resurrexit</strong></span> <span class='ocrx_word' id='word_1_372' title='bbox 1498 2614 1513 2655; x_wconf 88' lang='lat' dir='ltr'><strong>a</strong></span> <span class='ocrx_word' id='word_1_373' title='bbox 1536 2602 1659 2658; x_wconf 81' lang='lat' dir='ltr'><strong>irrortuis.</strong></span> <span class='ocrx_word' id='word_1_374' title='bbox 1686 2602 1735 2658; x_wconf 86' lang='lat' dir='ltr'><strong>llic</strong></span> 
     </span>
     <span class='ocr_line' id='line_1_44' title="bbox 92 2686 1736 2759; baseline 0.003 -14"><span class='ocrx_word' id='word_1_375' title='bbox 92 2686 139 2745; x_wconf 79' lang='lat' dir='ltr'><strong>eis</strong></span> <span class='ocrx_word' id='word_1_376' title='bbox 151 2688 369 2759; x_wconf 80' lang='lat' dir='ltr'><strong>pradicationem</strong></span> <span class='ocrx_word' id='word_1_377' title='bbox 390 2704 464 2744; x_wconf 88' lang='lat' dir='ltr'><strong>suam</strong></span> <span class='ocrx_word' id='word_1_378' title='bbox 486 2690 633 2759; x_wconf 79' lang='lat' dir='ltr'><strong>proficuam</strong></span> <span class='ocrx_word' id='word_1_379' title='bbox 653 2702 714 2744; x_wconf 87' lang='lat' dir='ltr'><strong>esse</strong></span> <span class='ocrx_word' id='word_1_380' title='bbox 733 2687 889 2743; x_wconf 88' lang='lat' dir='ltr'><strong>cernebant.</strong></span> <span class='ocrx_word' id='word_1_381' title='bbox 942 2689 1057 2744; x_wconf 78' lang='lat' dir='ltr'><strong>laudubit</strong></span> <span class='ocrx_word' id='word_1_382' title='bbox 1068 2688 1217 2757; x_wconf 84' lang='lat' dir='ltr'><strong>Dominam,</strong></span> <span class='ocrx_word' id='word_1_383' title='bbox 1231 2704 1301 2744; x_wconf 86' lang='lat' dir='ltr'><strong>noro</strong></span> <span class='ocrx_word' id='word_1_384' title='bbox 1315 2691 1419 2747; x_wconf 91' lang='lat' dir='ltr'><strong>scilicet</strong></span> <span class='ocrx_word' id='word_1_385' title='bbox 1430 2693 1546 2758; x_wconf 90' lang='lat' dir='ltr'><strong>cantico,</strong></span> <span class='ocrx_word' id='word_1_386' title='bbox 1559 2694 1628 2749; x_wconf 86' lang='lat' dir='ltr'><strong>sicut</strong></span> <span class='ocrx_word' id='word_1_387' title='bbox 1641 2694 1668 2750; x_wconf 91' lang='lat' dir='ltr'><strong>in</strong></span> <span class='ocrx_word' id='word_1_388' title='bbox 1682 2694 1736 2750; x_wconf 86' lang='lat' dir='ltr'><strong>alia</strong></span> 
     </span>
     <span class='ocr_line' id='line_1_45' title="bbox 94 2779 1736 2851; baseline 0.001 -13"><span class='ocrx_word' id='word_1_389' title='bbox 94 2781 200 2838; x_wconf 65' lang='lat' dir='ltr'><strong>liceret</strong></span> <span class='ocrx_word' id='word_1_390' title='bbox 214 2791 272 2839; x_wconf 84' lang='lat' dir='ltr'><strong>runt</strong></span> <span class='ocrx_word' id='word_1_391' title='bbox 295 2783 373 2839; x_wconf 86' lang='lat' dir='ltr'><strong>etiam</strong></span> <span class='ocrx_word' id='word_1_392' title='bbox 389 2792 416 2838; x_wconf 91' lang='lat' dir='ltr'><strong>et</strong></span> <span class='ocrx_word' id='word_1_393' title='bbox 431 2792 516 2849; x_wconf 79' lang='lat' dir='ltr'><strong>terrae,</strong></span> <span class='ocrx_word' id='word_1_394' title='bbox 533 2781 616 2838; x_wconf 89' lang='lat' dir='ltr'><strong>idest</strong></span> <span class='ocrx_word' id='word_1_395' title='bbox 633 2781 829 2850; x_wconf 82' lang='lat' dir='ltr'><strong>peecatoribus,</strong></span> <span class='ocrx_word' id='word_1_396' title='bbox 846 2779 891 2850; x_wconf 79' lang='lat' dir='ltr'><strong>qut</strong></span> <span class='ocrx_word' id='word_1_397' title='bbox 943 2781 1159 2851; x_wconf 85' lang='lat' dir='ltr'><strong>psalmodiarum</strong></span> <span class='ocrx_word' id='word_1_398' title='bbox 1175 2789 1216 2837; x_wconf 87' lang='lat' dir='ltr'><strong>cst</strong></span> <span class='ocrx_word' id='word_1_399' title='bbox 1231 2799 1238 2833; x_wconf 77' lang='grc' dir='ltr'><strong>ι</strong></span> <span class='ocrx_word' id='word_1_400' title='bbox 1255 2780 1364 2836; x_wconf 75' lang='lat' dir='ltr'><strong>durature</strong></span> <span class='ocrx_word' id='word_1_401' title='bbox 1376 2781 1488 2838; x_wconf 69' lang='lat' dir='ltr'><strong>Doctrina</strong></span> <span class='ocrx_word' id='word_1_402' title='bbox 1503 2786 1630 2838; x_wconf 86' lang='lat' dir='ltr'><strong>canticam</strong></span> <span class='ocrx_word' id='word_1_403' title='bbox 1645 2800 1736 2840; x_wconf 84' lang='lat' dir='ltr'><strong>nouum</strong></span> 
     </span>
     <span class='ocr_line' id='line_1_46' title="bbox 93 2871 1184 2946; baseline -0.002 -15"><span class='ocrx_word' id='word_1_404' title='bbox 93 2885 177 2931; x_wconf 86' lang='lat' dir='ltr'><strong>eraut</strong></span> <span class='ocrx_word' id='word_1_405' title='bbox 190 2875 217 2930; x_wconf 91' lang='lat' dir='ltr'><strong>ln</strong></span> <span class='ocrx_word' id='word_1_406' title='bbox 233 2877 297 2932; x_wconf 87' lang='lat' dir='ltr'><strong>Sion</strong></span> <span class='ocrx_word' id='word_1_407' title='bbox 312 2875 346 2932; x_wconf 91' lang='lat' dir='ltr'><strong>dc</strong></span> <span class='ocrx_word' id='word_1_408' title='bbox 358 2875 483 2946; x_wconf 88' lang='lat' dir='ltr'><strong>gentibus</strong></span> <span class='ocrx_word' id='word_1_409' title='bbox 495 2873 691 2945; x_wconf 86' lang='lat' dir='ltr'><strong>congregandi;</strong></span> <span class='ocrx_word' id='word_1_410' title='bbox 713 2885 787 2928; x_wconf 82' lang='lat' dir='ltr'><strong>terra</strong></span> <span class='ocrx_word' id='word_1_411' title='bbox 801 2873 892 2942; x_wconf 76' lang='lat' dir='ltr'><strong>utique</strong></span> <span class='ocrx_word' id='word_1_412' title='bbox 944 2871 1031 2943; x_wconf 83' lang='lat' dir='ltr'><strong>(Paul.</strong></span> <span class='ocrx_word' id='word_1_413' title='bbox 1048 2887 1128 2938; x_wconf 82' lang='grc' dir='ltr'>ιιιιι,</span> <span class='ocrx_word' id='word_1_414' title='bbox 1145 2873 1184 2943; x_wconf 83' lang='grc'><strong>1).</strong></span> 
     </span>
     <span class='ocr_line' id='line_1_47' title="bbox 93 2962 1735 3039; baseline -0.002 -15"><span class='ocrx_word' id='word_1_415' title='bbox 93 2969 213 3032; x_wconf 81' lang='lat' dir='ltr'><strong>similes,</strong></span> <span class='ocrx_word' id='word_1_416' title='bbox 230 2969 486 3039; x_wconf 84' lang='lat' dir='ltr'><strong>quoniamcarnalia</strong></span> <span class='ocrx_word' id='word_1_417' title='bbox 511 2967 661 3036; x_wconf 80' lang='lat' dir='ltr'><strong>sapiebant.</strong></span> <span class='ocrx_word' id='word_1_418' title='bbox 690 2965 724 3022; x_wconf 85' lang='lat' dir='ltr'><strong>Et</strong></span> <span class='ocrx_word' id='word_1_419' title='bbox 740 2965 799 3021; x_wconf 86' lang='lat' dir='ltr'><strong>ride</strong></span> <span class='ocrx_word' id='word_1_420' title='bbox 813 2980 893 3036; x_wconf 85' lang='lat' dir='ltr'><strong>quatu</strong></span> <span class='ocrx_word' id='word_1_421' title='bbox 979 2962 1117 3020; x_wconf 53' lang='lat' dir='ltr'><strong>trumo.</strong></span> <span class='ocrx_word' id='word_1_422' title='bbox 1134 2963 1262 3030; x_wconf 82' lang='lat' dir='ltr'><strong>Quoniam</strong></span> <span class='ocrx_word' id='word_1_423' title='bbox 1276 2964 1735 3035; x_wconf 80' lang='lat' dir='ltr'><strong>acciperitdecacelrurauctosuo.</strong></span> 
     </span>
    </p>
   </div>
   <div class='ocr_carea' id='block_1_11' title="bbox 94 3053 1739 3410">
    <p class='ocr_par' dir='ltr' id='par_1_12' title="bbox 94 3053 1739 3410">
     <span class='ocr_line' id='line_1_48' title="bbox 94 3053 1737 3134; baseline -0.001 -17"><span class='ocrx_word' id='word_1_424' title='bbox 94 3062 208 3133; x_wconf 87' lang='lat' dir='ltr'><strong>proprie</strong></span> <span class='ocrx_word' id='word_1_425' title='bbox 229 3060 296 3134; x_wconf 85' lang='lat' dir='ltr'><strong>[ed.,</strong></span> <span class='ocrx_word' id='word_1_426' title='bbox 312 3059 430 3131; x_wconf 85' lang='lat' dir='ltr'><strong>propriu]</strong></span> <span class='ocrx_word' id='word_1_427' title='bbox 450 3060 532 3115; x_wconf 87' lang='lat' dir='ltr'><strong>rerba</strong></span> <span class='ocrx_word' id='word_1_428' title='bbox 548 3061 627 3114; x_wconf 90' lang='lat' dir='ltr'><strong>rebus</strong></span> <span class='ocrx_word' id='word_1_429' title='bbox 642 3067 731 3127; x_wconf 86' lang='lat' dir='ltr'><strong>aptata</strong></span> <span class='ocrx_word' id='word_1_430' title='bbox 747 3065 818 3112; x_wconf 91' lang='lat' dir='ltr'><strong>sunt.</strong></span> <span class='ocrx_word' id='word_1_431' title='bbox 842 3055 894 3111; x_wconf 80' lang='lat' dir='ltr'><strong>Lu·</strong></span> <span class='ocrx_word' id='word_1_432' title='bbox 946 3053 1072 3109; x_wconf 79' lang='lat' dir='ltr'><strong>Dominus</strong></span> <span class='ocrx_word' id='word_1_433' title='bbox 1089 3057 1121 3110; x_wconf 84' lang='grc' dir='ltr'><strong>ιι</strong></span> <span class='ocrx_word' id='word_1_434' title='bbox 1140 3057 1202 3111; x_wconf 84' lang='lat' dir='ltr'><strong>catu</strong></span> <span class='ocrx_word' id='word_1_435' title='bbox 1221 3056 1358 3112; x_wconf 82' lang='lat' dir='ltr'><strong>interram</strong></span> <span class='ocrx_word' id='word_1_436' title='bbox 1374 3060 1514 3128; x_wconf 76' lang='lat' dir='ltr'><strong>prospecto.</strong></span> <span class='ocrx_word' id='word_1_437' title='bbox 1536 3059 1594 3117; x_wconf 87' lang='lat' dir='ltr'><strong>lloc</strong></span> <span class='ocrx_word' id='word_1_438' title='bbox 1612 3068 1653 3117; x_wconf 89' lang='grc' dir='ltr'><strong>ιιι</strong></span> <span class='ocrx_word' id='word_1_439' title='bbox 1666 3064 1737 3132; x_wconf 75' lang='lat' dir='ltr'><strong>quart</strong></span> 
     </span>
     <span class='ocr_line' id='line_1_49' title="bbox 96 3142 1736 3227; baseline 0.001 -19"><span class='ocrx_word' id='word_1_440' title='bbox 96 3156 175 3227; x_wconf 74' lang='lat' dir='ltr'><strong>pluer</strong></span> <span class='ocrx_word' id='word_1_441' title='bbox 190 3155 255 3210; x_wconf 90' lang='lat' dir='ltr'><strong>dicit</strong></span> <span class='ocrx_word' id='word_1_442' title='bbox 268 3155 447 3224; x_wconf 78' lang='lat' dir='ltr'><strong>beneplacitos,</strong></span> <span class='ocrx_word' id='word_1_443' title='bbox 464 3150 524 3223; x_wconf 75' lang='lat' dir='ltr'><strong>quoia</strong></span> <span class='ocrx_word' id='word_1_444' title='bbox 539 3152 572 3207; x_wconf 91' lang='lat' dir='ltr'><strong>de</strong></span> <span class='ocrx_word' id='word_1_445' title='bbox 591 3150 709 3220; x_wconf 89' lang='lat' dir='ltr'><strong>ipsorum</strong></span> <span class='ocrx_word' id='word_1_446' title='bbox 730 3157 806 3205; x_wconf 90' lang='lat' dir='ltr'><strong>erant</strong></span> <span class='ocrx_word' id='word_1_447' title='bbox 825 3142 1049 3207; x_wconf 80' lang='lat' dir='ltr'><strong>solt-cuicum</strong></span> <span class='ocrx_word' id='word_1_448' title='bbox 1077 3151 1200 3221; x_wconf 85' lang='lat' dir='ltr'><strong>superius</strong></span> <span class='ocrx_word' id='word_1_449' title='bbox 1233 3151 1418 3207; x_wconf 89' lang='lat' dir='ltr'><strong>scribendum.</strong></span> <span class='ocrx_word' id='word_1_450' title='bbox 1452 3151 1518 3207; x_wconf 85' lang='lat' dir='ltr'><strong>Natu</strong></span> <span class='ocrx_word' id='word_1_451' title='bbox 1553 3163 1582 3208; x_wconf 89' lang='lat' dir='ltr'><strong>ut</strong></span> <span class='ocrx_word' id='word_1_452' title='bbox 1610 3154 1736 3211; x_wconf 82' lang='lat' dir='ltr'><strong>uirtutem</strong></span> 
     </span>
     <span class='ocr_line' id='line_1_50' title="bbox 96 3241 1739 3321; baseline 0 -18"><span class='ocrx_word' id='word_1_453' title='bbox 96 3249 185 3303; x_wconf 87' lang='lat' dir='ltr'><strong>ditate</strong></span> <span class='ocrx_word' id='word_1_454' title='bbox 201 3247 328 3321; x_wconf 84' lang='lat' dir='ltr'><strong>(Domino</strong></span> <span class='ocrx_word' id='word_1_455' title='bbox 339 3242 494 3317; x_wconf 73' lang='lat' dir='ltr'><strong>prestante)</strong></span> <span class='ocrx_word' id='word_1_456' title='bbox 508 3244 605 3301; x_wconf 85' lang='lat' dir='ltr'><strong>securi.</strong></span> <span class='ocrx_word' id='word_1_457' title='bbox 622 3241 740 3307; x_wconf 83' lang='lat' dir='ltr'><strong>Addidit,</strong></span> <span class='ocrx_word' id='word_1_458' title='bbox 754 3250 828 3296; x_wconf 79' lang='lat' dir='ltr'><strong>terre</strong></span> <span class='ocrx_word' id='word_1_459' title='bbox 842 3241 894 3295; x_wconf 86' lang='lat' dir='ltr'><strong>rni-</strong></span> <span class='ocrx_word' id='word_1_460' title='bbox 947 3241 1033 3311; x_wconf 88' lang='lat' dir='ltr'><strong>ipsius</strong></span> <span class='ocrx_word' id='word_1_461' title='bbox 1047 3242 1167 3297; x_wconf 87' lang='lat' dir='ltr'><strong>ueritatis</strong></span> <span class='ocrx_word' id='word_1_462' title='bbox 1182 3256 1352 3311; x_wconf 85' lang='lat' dir='ltr'><strong>agnosceres,</strong></span> <span class='ocrx_word' id='word_1_463' title='bbox 1368 3243 1439 3314; x_wconf 78' lang='lat' dir='ltr'><strong>arrad</strong></span> <span class='ocrx_word' id='word_1_464' title='bbox 1454 3256 1512 3299; x_wconf 83' lang='lat' dir='ltr'><strong>erat</strong></span> <span class='ocrx_word' id='word_1_465' title='bbox 1526 3244 1619 3301; x_wconf 87' lang='lat' dir='ltr'><strong>laturis</strong></span> <span class='ocrx_word' id='word_1_466' title='bbox 1629 3249 1739 3303; x_wconf 69' lang='lat' dir='ltr'><strong>seculis</strong></span> 
     </span>
     <span class='ocr_line' id='line_1_51' title="bbox 96 3331 1739 3410; baseline -0.001 -14"><span class='ocrx_word' id='word_1_467' title='bbox 96 3341 260 3407; x_wconf 73' lang='lat' dir='ltr'><strong>saciantur,</strong></span> <span class='ocrx_word' id='word_1_468' title='bbox 273 3340 334 3410; x_wconf 85' lang='lat' dir='ltr'><strong>quia</strong></span> <span class='ocrx_word' id='word_1_469' title='bbox 349 3353 397 3409; x_wconf 90' lang='lat' dir='ltr'><strong>per</strong></span> <span class='ocrx_word' id='word_1_470' title='bbox 411 3338 620 3393; x_wconf 86' lang='lat' dir='ltr'><strong>misericordiam</strong></span> <span class='ocrx_word' id='word_1_471' title='bbox 633 3334 732 3391; x_wconf 86' lang='lat' dir='ltr'><strong>Christi</strong></span> <span class='ocrx_word' id='word_1_472' title='bbox 748 3333 895 3392; x_wconf 87' lang='lat' dir='ltr'><strong>mundandi</strong></span> <span class='ocrx_word' id='word_1_473' title='bbox 946 3333 1119 3399; x_wconf 76' lang='lat' dir='ltr'><strong>rodlandum,</strong></span> <span class='ocrx_word' id='word_1_474' title='bbox 1129 3331 1184 3403; x_wconf 79' lang='lat' dir='ltr'><strong>jani</strong></span> <span class='ocrx_word' id='word_1_475' title='bbox 1199 3332 1267 3389; x_wconf 77' lang='lat' dir='ltr'><strong>dixit</strong></span> <span class='ocrx_word' id='word_1_476' title='bbox 1277 3348 1338 3390; x_wconf 88' lang='lat' dir='ltr'><strong>esse</strong></span> <span class='ocrx_word' id='word_1_477' title='bbox 1349 3335 1503 3404; x_wconf 86' lang='lat' dir='ltr'><strong>perlectrnn.</strong></span> <span class='ocrx_word' id='word_1_478' title='bbox 1516 3337 1652 3405; x_wconf 78' lang='lat' dir='ltr'><strong>Prospectu</strong></span> <span class='ocrx_word' id='word_1_479' title='bbox 1665 3339 1739 3395; x_wconf 86' lang='lat' dir='ltr'><strong>eninr</strong></span> 
     </span>
    </p>
   </div>
   <div class='ocr_carea' id='block_1_12' title="bbox 96 3425 1745 4696">
    <p class='ocr_par' dir='ltr' id='par_1_13' title="bbox 96 3425 1740 3504">
     <span class='ocr_line' id='line_1_52' title="bbox 96 3425 1740 3504; baseline -0.002 -13"><span class='ocrx_word' id='word_1_480' title='bbox 96 3444 190 3500; x_wconf 75' lang='lat' dir='ltr'><strong>eraurt,</strong></span> <span class='ocrx_word' id='word_1_481' title='bbox 203 3435 246 3504; x_wconf 80' lang='lat' dir='ltr'><strong>nati</strong></span> <span class='ocrx_word' id='word_1_482' title='bbox 261 3443 368 3488; x_wconf 79' lang='lat' dir='ltr'><strong>terratia</strong></span> <span class='ocrx_word' id='word_1_483' title='bbox 380 3431 438 3487; x_wconf 89' lang='lat' dir='ltr'><strong>labe</strong></span> <span class='ocrx_word' id='word_1_484' title='bbox 452 3429 607 3486; x_wconf 86' lang='lat' dir='ltr'><strong>sordebant.</strong></span> <span class='ocrx_word' id='word_1_485' title='bbox 947 3425 1112 3496; x_wconf 68' lang='lat' dir='ltr'><strong>praeteritum</strong></span> <span class='ocrx_word' id='word_1_486' title='bbox 1133 3427 1266 3498; x_wconf 79' lang='lat' dir='ltr'><strong>signifieat</strong></span> <span class='ocrx_word' id='word_1_487' title='bbox 1287 3436 1403 3497; x_wconf 83' lang='lat' dir='ltr'><strong>ternpus.</strong></span> <span class='ocrx_word' id='word_1_488' title='bbox 1430 3426 1482 3483; x_wconf 89' lang='lat' dir='ltr'><strong>Sed</strong></span> <span class='ocrx_word' id='word_1_489' title='bbox 1502 3444 1653 3500; x_wconf 77' lang='lat' dir='ltr'><strong>guerrinus</strong></span> <span class='ocrx_word' id='word_1_490' title='bbox 1668 3431 1740 3488; x_wconf 84' lang='lat' dir='ltr'><strong>ande</strong></span> 
     </span>
    </p>

    <p class='ocr_par' dir='ltr' id='par_1_14' title="bbox 98 3517 1745 4696">
     <span class='ocr_line' id='line_1_53' title="bbox 138 3517 1738 3590; baseline 0.001 -13"><span class='ocrx_word' id='word_1_491' title='bbox 138 3524 219 3580; x_wconf 84' lang='lat' dir='ltr'><strong>l&#39;ers.</strong></span> <span class='ocrx_word' id='word_1_492' title='bbox 232 3523 276 3577; x_wconf 90' lang='grc'><strong>16.</strong></span> <span class='ocrx_word' id='word_1_493' title='bbox 293 3522 327 3576; x_wconf 88' lang='grc' dir='ltr'><strong>Ει</strong></span> <span class='ocrx_word' id='word_1_494' title='bbox 340 3522 459 3576; x_wconf 82' lang='lat' dir='ltr'><strong>timebun:</strong></span> <span class='ocrx_word' id='word_1_495' title='bbox 476 3531 562 3590; x_wconf 79' lang='lat' dir='ltr'><strong>pentes</strong></span> <span class='ocrx_word' id='word_1_496' title='bbox 575 3536 666 3575; x_wconf 88' lang='lat' dir='ltr'><strong>nonren</strong></span> <span class='ocrx_word' id='word_1_497' title='bbox 679 3528 761 3586; x_wconf 91' lang='lat' dir='ltr'><strong>taum,</strong></span> <span class='ocrx_word' id='word_1_498' title='bbox 776 3519 895 3585; x_wconf 85' lang='lat' dir='ltr'><strong>llominc,</strong></span> <span class='ocrx_word' id='word_1_499' title='bbox 947 3519 1103 3589; x_wconf 76' lang='lat' dir='ltr'><strong>perperit?</strong></span> <span class='ocrx_word' id='word_1_500' title='bbox 1125 3517 1164 3573; x_wconf 81' lang='lat' dir='ltr'><strong>lle</strong></span> <span class='ocrx_word' id='word_1_501' title='bbox 1182 3519 1281 3575; x_wconf 71' lang='lat' dir='ltr'><strong>abactae</strong></span> <span class='ocrx_word' id='word_1_502' title='bbox 1299 3530 1387 3574; x_wconf 83' lang='lat' dir='ltr'><strong>nuncto</strong></span> <span class='ocrx_word' id='word_1_503' title='bbox 1406 3536 1463 3585; x_wconf 86' lang='lat' dir='ltr'><strong>rao,</strong></span> <span class='ocrx_word' id='word_1_504' title='bbox 1486 3521 1512 3576; x_wconf 91' lang='lat' dir='ltr'><strong>id</strong></span> <span class='ocrx_word' id='word_1_505' title='bbox 1536 3531 1578 3578; x_wconf 86' lang='lat' dir='ltr'><strong>est</strong></span> <span class='ocrx_word' id='word_1_506' title='bbox 1602 3522 1635 3579; x_wconf 92' lang='lat' dir='ltr'><strong>dc</strong></span> <span class='ocrx_word' id='word_1_507' title='bbox 1657 3526 1738 3581; x_wconf 80' lang='lat' dir='ltr'><strong>coelo.</strong></span> 
     </span>
     <span class='ocr_line' id='line_1_54' title="bbox 98 3594 1741 3686; baseline -0.001 -14"><span class='ocrx_word' id='word_1_508' title='bbox 98 3628 125 3672; x_wconf 87' lang='lat' dir='ltr'><strong>ct</strong></span> <span class='ocrx_word' id='word_1_509' title='bbox 140 3632 228 3671; x_wconf 82' lang='lat' dir='ltr'><strong>omncs</strong></span> <span class='ocrx_word' id='word_1_510' title='bbox 241 3631 311 3686; x_wconf 82' lang='lat' dir='ltr'><strong>regor</strong></span> <span class='ocrx_word' id='word_1_511' title='bbox 333 3624 407 3669; x_wconf 81' lang='lat' dir='ltr'><strong>terra</strong></span> <span class='ocrx_word' id='word_1_512' title='bbox 421 3613 530 3684; x_wconf 82' lang='lat' dir='ltr'><strong>gloriam</strong></span> <span class='ocrx_word' id='word_1_513' title='bbox 546 3623 625 3667; x_wconf 90' lang='lat' dir='ltr'><strong>tuam.</strong></span> <span class='ocrx_word' id='word_1_514' title='bbox 649 3613 711 3668; x_wconf 80' lang='lat' dir='ltr'><strong>ltno</strong></span> <span class='ocrx_word' id='word_1_515' title='bbox 731 3621 824 3669; x_wconf 87' lang='lat' dir='ltr'><strong>eontra</strong></span> <span class='ocrx_word' id='word_1_516' title='bbox 846 3627 898 3667; x_wconf 83' lang='lat' dir='ltr'><strong>sar·</strong></span> <span class='ocrx_word' id='word_1_517' title='bbox 949 3610 1086 3682; x_wconf 82' lang='lat' dir='ltr'><strong>Prorpeait</strong></span> <span class='ocrx_word' id='word_1_518' title='bbox 1104 3611 1176 3667; x_wconf 85' lang='lat' dir='ltr'><strong>enim</strong></span> <span class='ocrx_word' id='word_1_519' title='bbox 1199 3612 1288 3679; x_wconf 86' lang='lat' dir='ltr'><strong>nobis,</strong></span> <span class='ocrx_word' id='word_1_520' title='bbox 1309 3613 1373 3668; x_wconf 87' lang='lat' dir='ltr'><strong>dunt</strong></span> <span class='ocrx_word' id='word_1_521' title='bbox 1389 3594 1559 3684; x_wconf 76' lang='lat' dir='ltr'><strong>fragilitatem</strong></span> <span class='ocrx_word' id='word_1_522' title='bbox 1573 3625 1674 3670; x_wconf 79' lang='lat' dir='ltr'><strong>nostrae</strong></span> <span class='ocrx_word' id='word_1_523' title='bbox 1689 3616 1741 3672; x_wconf 88' lang='lat' dir='ltr'><strong>ltu·</strong></span> 
     </span>
     <span class='ocr_line' id='line_1_55' title="bbox 99 3703 1742 3779; baseline -0.001 -13"><span class='ocrx_word' id='word_1_524' title='bbox 99 3710 156 3766; x_wconf 78' lang='lat' dir='ltr'><strong>carli</strong></span> <span class='ocrx_word' id='word_1_525' title='bbox 172 3710 250 3765; x_wconf 76' lang='lat' dir='ltr'><strong>istius</strong></span> <span class='ocrx_word' id='word_1_526' title='bbox 264 3709 467 3777; x_wconf 84' lang='lat' dir='ltr'><strong>superstitiones</strong></span> <span class='ocrx_word' id='word_1_527' title='bbox 482 3707 596 3762; x_wconf 77' lang='lat' dir='ltr'><strong>nefarias</strong></span> <span class='ocrx_word' id='word_1_528' title='bbox 609 3705 822 3776; x_wconf 89' lang='lat' dir='ltr'><strong>depromuntur:</strong></span> <span class='ocrx_word' id='word_1_529' title='bbox 835 3703 895 3774; x_wconf 83' lang='lat' dir='ltr'><strong>quia</strong></span> <span class='ocrx_word' id='word_1_530' title='bbox 948 3705 1085 3760; x_wconf 84' lang='lat' dir='ltr'><strong>munitatis</strong></span> <span class='ocrx_word' id='word_1_531' title='bbox 1109 3707 1277 3776; x_wconf 86' lang='lat' dir='ltr'><strong>assumpsit:</strong></span> <span class='ocrx_word' id='word_1_532' title='bbox 1299 3709 1359 3777; x_wconf 87' lang='lat' dir='ltr'><strong>quia</strong></span> <span class='ocrx_word' id='word_1_533' title='bbox 1383 3723 1432 3779; x_wconf 92' lang='lat' dir='ltr'><strong>per</strong></span> <span class='ocrx_word' id='word_1_534' title='bbox 1454 3710 1541 3776; x_wconf 78' lang='lat' dir='ltr'><strong>ipsum</strong></span> <span class='ocrx_word' id='word_1_535' title='bbox 1562 3708 1624 3764; x_wconf 87' lang='lat' dir='ltr'><strong>lacti</strong></span> <span class='ocrx_word' id='word_1_536' title='bbox 1649 3725 1742 3766; x_wconf 88' lang='lat' dir='ltr'><strong>sutnue</strong></span> 
     </span>
     <span class='ocr_line' id='line_1_56' title="bbox 100 3796 1741 3871; baseline -0.003 -11"><span class='ocrx_word' id='word_1_537' title='bbox 100 3817 167 3860; x_wconf 78' lang='lat' dir='ltr'><strong>torno</strong></span> <span class='ocrx_word' id='word_1_538' title='bbox 188 3819 241 3858; x_wconf 93' lang='lat' dir='ltr'><strong>non</strong></span> <span class='ocrx_word' id='word_1_539' title='bbox 258 3805 399 3858; x_wconf 88' lang='lat' dir='ltr'><strong>timebatur</strong></span> <span class='ocrx_word' id='word_1_540' title='bbox 412 3816 491 3857; x_wconf 84' lang='lat' dir='ltr'><strong>ueros</strong></span> <span class='ocrx_word' id='word_1_541' title='bbox 505 3801 644 3868; x_wconf 85' lang='lat' dir='ltr'><strong>Dominus,</strong></span> <span class='ocrx_word' id='word_1_542' title='bbox 659 3799 766 3871; x_wconf 82' lang='lat' dir='ltr'><strong>quando</strong></span> <span class='ocrx_word' id='word_1_543' title='bbox 781 3797 897 3854; x_wconf 88' lang='lat' dir='ltr'><strong>muudus</strong></span> <span class='ocrx_word' id='word_1_544' title='bbox 948 3796 1038 3865; x_wconf 87' lang='lat' dir='ltr'><strong>liberi,</strong></span> <span class='ocrx_word' id='word_1_545' title='bbox 1054 3796 1115 3851; x_wconf 85' lang='lat' dir='ltr'><strong>lacti</strong></span> <span class='ocrx_word' id='word_1_546' title='bbox 1131 3799 1313 3865; x_wconf 90' lang='lat' dir='ltr'><strong>immortales,</strong></span> <span class='ocrx_word' id='word_1_547' title='bbox 1328 3807 1356 3854; x_wconf 92' lang='grc' dir='ltr'><strong>ιι</strong></span> <span class='ocrx_word' id='word_1_548' title='bbox 1371 3800 1397 3854; x_wconf 94' lang='lat' dir='ltr'><strong>in</strong></span> <span class='ocrx_word' id='word_1_549' title='bbox 1412 3816 1460 3870; x_wconf 90' lang='lat' dir='ltr'><strong>spe</strong></span> <span class='ocrx_word' id='word_1_550' title='bbox 1475 3801 1590 3855; x_wconf 79' lang='lat' dir='ltr'><strong>masiano</strong></span> <span class='ocrx_word' id='word_1_551' title='bbox 1605 3802 1741 3869; x_wconf 85' lang='lat' dir='ltr'><strong>collocati,</strong></span> 
     </span>
     <span class='ocr_line' id='line_1_57' title="bbox 99 3887 1742 3964; baseline -0.004 -11"><span class='ocrx_word' id='word_1_552' title='bbox 99 3899 218 3953; x_wconf 86' lang='lat' dir='ltr'><strong>deuotus</strong></span> <span class='ocrx_word' id='word_1_553' title='bbox 245 3895 323 3951; x_wconf 88' lang='lat' dir='ltr'><strong>idolis</strong></span> <span class='ocrx_word' id='word_1_554' title='bbox 344 3895 495 3960; x_wconf 80' lang='lat' dir='ltr'><strong>sarriebat3</strong></span> <span class='ocrx_word' id='word_1_555' title='bbox 521 3903 661 3964; x_wconf 84' lang='lat' dir='ltr'><strong>postquam</strong></span> <span class='ocrx_word' id='word_1_556' title='bbox 683 3907 748 3948; x_wconf 82' lang='lat' dir='ltr'><strong>vero</strong></span> <span class='ocrx_word' id='word_1_557' title='bbox 767 3890 898 3947; x_wconf 89' lang='lat' dir='ltr'><strong>adrentus</strong></span> <span class='ocrx_word' id='word_1_558' title='bbox 947 3887 1096 3943; x_wconf 80' lang='lat' dir='ltr'><strong>studeam</strong></span> <span class='ocrx_word' id='word_1_559' title='bbox 1115 3902 1268 3942; x_wconf 89' lang='lat' dir='ltr'><strong>mercamur</strong></span> <span class='ocrx_word' id='word_1_560' title='bbox 1287 3902 1371 3957; x_wconf 85' lang='lat' dir='ltr'><strong>prona</strong></span> <span class='ocrx_word' id='word_1_561' title='bbox 1394 3899 1484 3945; x_wconf 86' lang='lat' dir='ltr'><strong>mente</strong></span> <span class='ocrx_word' id='word_1_562' title='bbox 1506 3891 1636 3945; x_wconf 82' lang='lat' dir='ltr'><strong>cornrerti.</strong></span> <span class='ocrx_word' id='word_1_563' title='bbox 1660 3891 1694 3946; x_wconf 83' lang='lat' dir='ltr'><strong>Et</strong></span> <span class='ocrx_word' id='word_1_564' title='bbox 1712 3906 1742 3947; x_wconf 85' lang='lat' dir='ltr'><strong>ut</strong></span> 
     </span>
     <span class='ocr_line' id='line_1_58' title="bbox 99 3979 1740 4060; baseline -0.006 -14"><span class='ocrx_word' id='word_1_565' title='bbox 99 3990 163 4060; x_wconf 82' lang='lat' dir='ltr'><strong>ejrts</strong></span> <span class='ocrx_word' id='word_1_566' title='bbox 184 3988 310 4043; x_wconf 90' lang='lat' dir='ltr'><strong>salutaris</strong></span> <span class='ocrx_word' id='word_1_567' title='bbox 326 3987 439 4053; x_wconf 88' lang='lat' dir='ltr'><strong>inlnlsit,</strong></span> <span class='ocrx_word' id='word_1_568' title='bbox 456 3995 550 4058; x_wconf 88' lang='lat' dir='ltr'><strong>gentes</strong></span> <span class='ocrx_word' id='word_1_569' title='bbox 568 3999 706 4041; x_wconf 73' lang='lat' dir='ltr'><strong>conuersae</strong></span> <span class='ocrx_word' id='word_1_570' title='bbox 726 3993 787 4039; x_wconf 91' lang='lat' dir='ltr'><strong>sant</strong></span> <span class='ocrx_word' id='word_1_571' title='bbox 803 3997 851 4050; x_wconf 88' lang='lat' dir='ltr'><strong>per</strong></span> <span class='ocrx_word' id='word_1_572' title='bbox 865 3982 896 4036; x_wconf 89' lang='lat' dir='ltr'><strong>ti·</strong></span> <span class='ocrx_word' id='word_1_573' title='bbox 948 3993 1044 4034; x_wconf 85' lang='lat' dir='ltr'><strong>sensus</strong></span> <span class='ocrx_word' id='word_1_574' title='bbox 1069 3981 1126 4048; x_wconf 90' lang='lat' dir='ltr'><strong>ipso</strong></span> <span class='ocrx_word' id='word_1_575' title='bbox 1147 3979 1224 4033; x_wconf 90' lang='lat' dir='ltr'><strong>uobis</strong></span> <span class='ocrx_word' id='word_1_576' title='bbox 1247 3979 1398 4034; x_wconf 87' lang='lat' dir='ltr'><strong>evidentius</strong></span> <span class='ocrx_word' id='word_1_577' title='bbox 1421 3989 1583 4048; x_wconf 85' lang='lat' dir='ltr'><strong>appareret,</strong></span> <span class='ocrx_word' id='word_1_578' title='bbox 1607 3982 1740 4052; x_wconf 67' lang='lat' dir='ltr'><strong>seponitur,</strong></span> 
     </span>
     <span class='ocr_line' id='line_1_59' title="bbox 101 4067 1740 4147; baseline -0.007 -9"><span class='ocrx_word' id='word_1_579' title='bbox 101 4096 208 4138; x_wconf 85' lang='lat' dir='ltr'><strong>ntorem</strong></span> <span class='ocrx_word' id='word_1_580' title='bbox 226 4095 234 4134; x_wconf 78' lang='grc' dir='ltr'><strong>ι</strong></span> <span class='ocrx_word' id='word_1_581' title='bbox 248 4079 283 4135; x_wconf 89' lang='grc' dir='ltr'><strong>ιι</strong></span> <span class='ocrx_word' id='word_1_582' title='bbox 297 4078 393 4147; x_wconf 79' lang='lat' dir='ltr'><strong>quibus</strong></span> <span class='ocrx_word' id='word_1_583' title='bbox 414 4076 536 4146; x_wconf 88' lang='lat' dir='ltr'><strong>superius</strong></span> <span class='ocrx_word' id='word_1_584' title='bbox 558 4074 604 4143; x_wconf 80' lang='lat' dir='ltr'><strong>ait,</strong></span> <span class='ocrx_word' id='word_1_585' title='bbox 620 4086 644 4129; x_wconf 88' lang='lat' dir='ltr'><strong>et</strong></span> <span class='ocrx_word' id='word_1_586' title='bbox 660 4084 734 4129; x_wconf 85' lang='lat' dir='ltr'><strong>terra</strong></span> <span class='ocrx_word' id='word_1_587' title='bbox 749 4076 804 4144; x_wconf 77' lang='lat' dir='ltr'><strong>ejice</strong></span> <span class='ocrx_word' id='word_1_588' title='bbox 819 4073 897 4126; x_wconf 82' lang='lat' dir='ltr'><strong>mise·</strong></span> <span class='ocrx_word' id='word_1_589' title='bbox 949 4067 1075 4123; x_wconf 86' lang='lat' dir='ltr'><strong>Dominus</strong></span> <span class='ocrx_word' id='word_1_590' title='bbox 1089 4069 1121 4123; x_wconf 86' lang='grc' dir='ltr'><strong>ιι</strong></span> <span class='ocrx_word' id='word_1_591' title='bbox 1135 4071 1196 4124; x_wconf 86' lang='lat' dir='ltr'><strong>coelo</strong></span> <span class='ocrx_word' id='word_1_592' title='bbox 1211 4070 1237 4125; x_wconf 88' lang='lat' dir='ltr'><strong>in</strong></span> <span class='ocrx_word' id='word_1_593' title='bbox 1257 4079 1351 4124; x_wconf 85' lang='lat' dir='ltr'><strong>terrant</strong></span> <span class='ocrx_word' id='word_1_594' title='bbox 1364 4071 1505 4140; x_wconf 82' lang='lat' dir='ltr'><strong>prorpeait.</strong></span> <span class='ocrx_word' id='word_1_595' title='bbox 1531 4069 1640 4142; x_wconf 83' lang='lat' dir='ltr'><strong>Legitur</strong></span> <span class='ocrx_word' id='word_1_596' title='bbox 1655 4073 1740 4140; x_wconf 82' lang='lat' dir='ltr'><strong>enim,</strong></span> 
     </span>
     <span class='ocr_line' id='line_1_60' title="bbox 99 4160 1743 4241; baseline -0.005 -14"><span class='ocrx_word' id='word_1_597' title='bbox 99 4172 236 4227; x_wconf 79' lang='lat' dir='ltr'><strong>rebantur.</strong></span> <span class='ocrx_word' id='word_1_598' title='bbox 261 4168 342 4241; x_wconf 80' lang='lat' dir='ltr'><strong>Reges</strong></span> <span class='ocrx_word' id='word_1_599' title='bbox 356 4182 461 4239; x_wconf 83' lang='lat' dir='ltr'><strong>quoque</strong></span> <span class='ocrx_word' id='word_1_600' title='bbox 476 4175 608 4222; x_wconf 85' lang='lat' dir='ltr'><strong>terrarum</strong></span> <span class='ocrx_word' id='word_1_601' title='bbox 634 4166 692 4236; x_wconf 83' lang='lat' dir='ltr'><strong>ejus</strong></span> <span class='ocrx_word' id='word_1_602' title='bbox 708 4167 798 4238; x_wconf 81' lang='lat' dir='ltr'><strong>pluria</strong></span> <span class='ocrx_word' id='word_1_603' title='bbox 811 4164 898 4221; x_wconf 88' lang='lat' dir='ltr'><strong>credi-</strong></span> <span class='ocrx_word' id='word_1_604' title='bbox 951 4161 1074 4216; x_wconf 80' lang='lat' dir='ltr'><strong>Dominae</strong></span> <span class='ocrx_word' id='word_1_605' title='bbox 1090 4163 1117 4216; x_wconf 87' lang='lat' dir='ltr'><strong>io</strong></span> <span class='ocrx_word' id='word_1_606' title='bbox 1131 4162 1193 4216; x_wconf 79' lang='lat' dir='ltr'><strong>calo</strong></span> <span class='ocrx_word' id='word_1_607' title='bbox 1207 4162 1279 4217; x_wconf 81' lang='lat' dir='ltr'><strong>redes</strong></span> <span class='ocrx_word' id='word_1_608' title='bbox 1298 4165 1355 4234; x_wconf 78' lang='lat' dir='ltr'><strong>ejur</strong></span> <span class='ocrx_word' id='word_1_609' title='bbox 1369 4160 1455 4234; x_wconf 75' lang='lat' dir='ltr'><strong>(ent.</strong></span> <span class='ocrx_word' id='word_1_610' title='bbox 1474 4177 1503 4230; x_wconf 83' lang='lat' dir='ltr'><strong>r,</strong></span> <span class='ocrx_word' id='word_1_611' title='bbox 1517 4162 1558 4232; x_wconf 86' lang='grc'><strong>5).</strong></span> <span class='ocrx_word' id='word_1_612' title='bbox 1580 4163 1644 4219; x_wconf 84' lang='grc' dir='ltr'>1ιιι</span> <span class='ocrx_word' id='word_1_613' title='bbox 1662 4165 1743 4233; x_wconf 87' lang='lat' dir='ltr'><strong>igitur</strong></span> 
     </span>
     <span class='ocr_line' id='line_1_61' title="bbox 101 4254 1742 4330; baseline -0.004 -12"><span class='ocrx_word' id='word_1_614' title='bbox 101 4264 215 4328; x_wconf 88' lang='lat' dir='ltr'><strong>derunt,</strong></span> <span class='ocrx_word' id='word_1_615' title='bbox 229 4260 255 4316; x_wconf 91' lang='lat' dir='ltr'><strong>id</strong></span> <span class='ocrx_word' id='word_1_616' title='bbox 270 4271 311 4316; x_wconf 91' lang='lat' dir='ltr'><strong>est</strong></span> <span class='ocrx_word' id='word_1_617' title='bbox 335 4260 379 4330; x_wconf 80' lang='lat' dir='ltr'><strong>gul</strong></span> <span class='ocrx_word' id='word_1_618' title='bbox 395 4273 509 4328; x_wconf 91' lang='lat' dir='ltr'><strong>corpora</strong></span> <span class='ocrx_word' id='word_1_619' title='bbox 526 4273 572 4312; x_wconf 87' lang='lat' dir='ltr'><strong>sua</strong></span> <span class='ocrx_word' id='word_1_620' title='bbox 588 4257 686 4313; x_wconf 83' lang='lat' dir='ltr'><strong>divinis</strong></span> <span class='ocrx_word' id='word_1_621' title='bbox 701 4256 800 4328; x_wconf 90' lang='lat' dir='ltr'><strong>regulis</strong></span> <span class='ocrx_word' id='word_1_622' title='bbox 816 4255 898 4312; x_wconf 83' lang='lat' dir='ltr'><strong>intre·</strong></span> <span class='ocrx_word' id='word_1_623' title='bbox 949 4259 1079 4322; x_wconf 79' lang='lat' dir='ltr'><strong>prospexit</strong></span> <span class='ocrx_word' id='word_1_624' title='bbox 1093 4254 1119 4308; x_wconf 90' lang='lat' dir='ltr'><strong>in</strong></span> <span class='ocrx_word' id='word_1_625' title='bbox 1134 4263 1237 4319; x_wconf 76' lang='lat' dir='ltr'><strong>terrum</strong></span> <span class='ocrx_word' id='word_1_626' title='bbox 1254 4254 1279 4309; x_wconf 93' lang='lat' dir='ltr'><strong>id</strong></span> <span class='ocrx_word' id='word_1_627' title='bbox 1294 4262 1337 4309; x_wconf 89' lang='lat' dir='ltr'><strong>cst</strong></span> <span class='ocrx_word' id='word_1_628' title='bbox 1350 4255 1383 4308; x_wconf 85' lang='lat' dir='ltr'><strong>ad</strong></span> <span class='ocrx_word' id='word_1_629' title='bbox 1397 4255 1481 4311; x_wconf 87' lang='lat' dir='ltr'><strong>nostri</strong></span> <span class='ocrx_word' id='word_1_630' title='bbox 1495 4254 1617 4324; x_wconf 89' lang='lat' dir='ltr'><strong>corporis</strong></span> <span class='ocrx_word' id='word_1_631' title='bbox 1638 4254 1742 4328; x_wconf 82' lang='lat' dir='ltr'><strong>tragili-</strong></span> 
     </span>
     <span class='ocr_line' id='line_1_62' title="bbox 101 4343 1744 4421; baseline -0.002 -13"><span class='ocrx_word' id='word_1_632' title='bbox 101 4361 217 4415; x_wconf 79' lang='lat' dir='ltr'><strong>nantes,</strong></span> <span class='ocrx_word' id='word_1_633' title='bbox 242 4351 283 4406; x_wconf 89' lang='lat' dir='ltr'><strong>sui</strong></span> <span class='ocrx_word' id='word_1_634' title='bbox 305 4351 481 4421; x_wconf 88' lang='lat' dir='ltr'><strong>imperatores</strong></span> <span class='ocrx_word' id='word_1_635' title='bbox 512 4363 572 4404; x_wconf 90' lang='lat' dir='ltr'><strong>esso</strong></span> <span class='ocrx_word' id='word_1_636' title='bbox 594 4349 719 4421; x_wconf 84' lang='lat' dir='ltr'><strong>(Domino</strong></span> <span class='ocrx_word' id='word_1_637' title='bbox 741 4349 897 4419; x_wconf 84' lang='lat' dir='ltr'><strong>praestante)</strong></span> <span class='ocrx_word' id='word_1_638' title='bbox 949 4351 1119 4414; x_wconf 74' lang='lat' dir='ltr'><strong>tatermquce</strong></span> <span class='ocrx_word' id='word_1_639' title='bbox 1132 4343 1311 4400; x_wconf 85' lang='lat' dir='ltr'><strong>mundititiis</strong></span> <span class='ocrx_word' id='word_1_640' title='bbox 1334 4344 1475 4400; x_wconf 86' lang='lat' dir='ltr'><strong>tenebatur</strong></span> <span class='ocrx_word' id='word_1_641' title='bbox 1496 4345 1623 4401; x_wconf 83' lang='lat' dir='ltr'><strong>obnoxia.</strong></span> <span class='ocrx_word' id='word_1_642' title='bbox 1653 4345 1687 4403; x_wconf 89' lang='lat' dir='ltr'><strong>Et</strong></span> <span class='ocrx_word' id='word_1_643' title='bbox 1700 4363 1744 4404; x_wconf 89' lang='lat' dir='ltr'><strong>re·</strong></span> 
     </span>
     <span class='ocr_line' id='line_1_63' title="bbox 101 4434 1745 4512; baseline -0.001 -13"><span class='ocrx_word' id='word_1_644' title='bbox 101 4444 258 4501; x_wconf 85' lang='lat' dir='ltr'><strong>ualuerunt.</strong></span> <span class='ocrx_word' id='word_1_645' title='bbox 273 4443 306 4498; x_wconf 88' lang='lat' dir='ltr'><strong>Et</strong></span> <span class='ocrx_word' id='word_1_646' title='bbox 320 4442 346 4497; x_wconf 86' lang='lat' dir='ltr'><strong>bt</strong></span> <span class='ocrx_word' id='word_1_647' title='bbox 359 4450 422 4498; x_wconf 82' lang='lat' dir='ltr'><strong>saint</strong></span> <span class='ocrx_word' id='word_1_648' title='bbox 435 4442 470 4497; x_wconf 88' lang='grc' dir='ltr'><strong>ιι</strong></span> <span class='ocrx_word' id='word_1_649' title='bbox 484 4441 581 4512; x_wconf 86' lang='lat' dir='ltr'><strong>qutbns</strong></span> <span class='ocrx_word' id='word_1_650' title='bbox 596 4440 719 4512; x_wconf 88' lang='lat' dir='ltr'><strong>superius</strong></span> <span class='ocrx_word' id='word_1_651' title='bbox 733 4440 811 4506; x_wconf 82' lang='lat' dir='ltr'><strong>dixit,</strong></span> <span class='ocrx_word' id='word_1_652' title='bbox 826 4440 897 4506; x_wconf 83' lang='lat' dir='ltr'><strong>Quo·</strong></span> <span class='ocrx_word' id='word_1_653' title='bbox 948 4434 1022 4505; x_wconf 63' lang='lat' dir='ltr'><strong>sitae</strong></span> <span class='ocrx_word' id='word_1_654' title='bbox 1039 4436 1110 4504; x_wconf 87' lang='lat' dir='ltr'><strong>quod</strong></span> <span class='ocrx_word' id='word_1_655' title='bbox 1130 4437 1155 4491; x_wconf 91' lang='lat' dir='ltr'><strong>in</strong></span> <span class='ocrx_word' id='word_1_656' title='bbox 1174 4444 1287 4506; x_wconf 83' lang='lat' dir='ltr'><strong>utroquo</strong></span> <span class='ocrx_word' id='word_1_657' title='bbox 1299 4437 1441 4506; x_wconf 73' lang='lat' dir='ltr'><strong>prospexit,</strong></span> <span class='ocrx_word' id='word_1_658' title='bbox 1457 4439 1562 4506; x_wconf 88' lang='lat' dir='ltr'><strong>posuit,</strong></span> <span class='ocrx_word' id='word_1_659' title='bbox 1578 4451 1606 4492; x_wconf 92' lang='lat' dir='ltr'><strong>ut</strong></span> <span class='ocrx_word' id='word_1_660' title='bbox 1622 4439 1745 4497; x_wconf 81' lang='lat' dir='ltr'><strong>similitu·</strong></span> 
     </span>
     <span class='ocr_line' id='line_1_64' title="bbox 99 4521 1744 4606; baseline 0.001 -16"><span class='ocrx_word' id='word_1_661' title='bbox 99 4538 176 4590; x_wconf 83' lang='lat' dir='ltr'><strong>niam</strong></span> <span class='ocrx_word' id='word_1_662' title='bbox 203 4535 370 4606; x_wconf 84' lang='lat' dir='ltr'><strong>betteplucr&#39;tos</strong></span> <span class='ocrx_word' id='word_1_663' title='bbox 391 4534 532 4587; x_wconf 70' lang='lat' dir='ltr'><strong>babuerat</strong></span> <span class='ocrx_word' id='word_1_664' title='bbox 562 4534 626 4586; x_wconf 77' lang='lat' dir='ltr'><strong>omui</strong></span> <span class='ocrx_word' id='word_1_665' title='bbox 649 4533 687 4586; x_wconf 89' lang='lat' dir='ltr'><strong>tui</strong></span> <span class='ocrx_word' id='word_1_666' title='bbox 710 4533 808 4600; x_wconf 75' lang='lat' dir='ltr'><strong>laptula</strong></span> <span class='ocrx_word' id='word_1_667' title='bbox 830 4534 897 4602; x_wconf 77' lang='lat' dir='ltr'><strong>ejus.</strong></span> <span class='ocrx_word' id='word_1_668' title='bbox 915 4521 1013 4586; x_wconf 86' lang='lat' dir='ltr'><strong>Ddluo</strong></span> <span class='ocrx_word' id='word_1_669' title='bbox 1036 4531 1094 4600; x_wconf 90' lang='lat' dir='ltr'><strong>ipsa</strong></span> <span class='ocrx_word' id='word_1_670' title='bbox 1119 4529 1263 4586; x_wconf 79' lang='lat' dir='ltr'><strong>uerborum</strong></span> <span class='ocrx_word' id='word_1_671' title='bbox 1284 4545 1362 4585; x_wconf 89' lang='lat' dir='ltr'><strong>unam</strong></span> <span class='ocrx_word' id='word_1_672' title='bbox 1385 4532 1548 4588; x_wconf 76' lang='lat' dir='ltr'><strong>sententiani</strong></span> <span class='ocrx_word' id='word_1_673' title='bbox 1572 4548 1633 4590; x_wconf 86' lang='lat' dir='ltr'><strong>esse</strong></span> <span class='ocrx_word' id='word_1_674' title='bbox 1653 4534 1744 4591; x_wconf 88' lang='lat' dir='ltr'><strong>decla·</strong></span> 
     </span>
     <span class='ocr_line' id='line_1_65' title="bbox 100 4622 1035 4696; baseline -0.006 -13"><span class='ocrx_word' id='word_1_675' title='bbox 100 4626 158 4696; x_wconf 82' lang='lat' dir='ltr'><strong>lpsi</strong></span> <span class='ocrx_word' id='word_1_676' title='bbox 172 4627 243 4683; x_wconf 89' lang='lat' dir='ltr'><strong>enim</strong></span> <span class='ocrx_word' id='word_1_677' title='bbox 256 4626 310 4696; x_wconf 82' lang='lat' dir='ltr'><strong>jam</strong></span> <span class='ocrx_word' id='word_1_678' title='bbox 324 4627 435 4696; x_wconf 87' lang='lat' dir='ltr'><strong>gloriam</strong></span> <span class='ocrx_word' id='word_1_679' title='bbox 450 4622 556 4681; x_wconf 80' lang='lat' dir='ltr'><strong>Domini</strong></span> <span class='ocrx_word' id='word_1_680' title='bbox 571 4625 708 4680; x_wconf 79' lang='lat' dir='ltr'><strong>uerissime</strong></span> <span class='ocrx_word' id='word_1_681' title='bbox 721 4633 896 4695; x_wconf 83' lang='lat' dir='ltr'><strong>cognoscunt,</strong></span> <span class='ocrx_word' id='word_1_682' title='bbox 952 4632 1035 4678; x_wconf 83' lang='lat' dir='ltr'><strong>roret.</strong></span> 
     </span>
    </p>
   </div>
   <div class='ocr_carea' id='block_1_13' title="bbox 99 4716 898 5719">
    <p class='ocr_par' dir='ltr' id='par_1_15' title="bbox 99 4716 734 4791">
     <span class='ocr_line' id='line_1_66' title="bbox 99 4716 734 4791; baseline -0.005 -19"><span class='ocrx_word' id='word_1_683' title='bbox 99 4717 150 4791; x_wconf 79' lang='lat' dir='ltr'><strong>qui</strong></span> <span class='ocrx_word' id='word_1_684' title='bbox 164 4719 192 4773; x_wconf 91' lang='lat' dir='ltr'><strong>in</strong></span> <span class='ocrx_word' id='word_1_685' title='bbox 207 4726 342 4787; x_wconf 85' lang='lat' dir='ltr'><strong>assumpta</strong></span> <span class='ocrx_word' id='word_1_686' title='bbox 357 4717 418 4772; x_wconf 88' lang='lat' dir='ltr'><strong>lidei</strong></span> <span class='ocrx_word' id='word_1_687' title='bbox 435 4716 560 4774; x_wconf 81' lang='lat' dir='ltr'><strong>firmitate</strong></span> <span class='ocrx_word' id='word_1_688' title='bbox 575 4717 734 4774; x_wconf 83' lang='lat' dir='ltr'><strong>corrsistuut.</strong></span> 
     </span>
    </p>

    <p class='ocr_par' dir='ltr' id='par_1_16' title="bbox 99 4810 898 5719">
     <span class='ocr_line' id='line_1_67' title="bbox 142 4810 897 4881; baseline 0.001 -16"><span class='ocrx_word' id='word_1_689' title='bbox 142 4811 219 4866; x_wconf 74' lang='lat' dir='ltr'><strong>lere.</strong></span> <span class='ocrx_word' id='word_1_690' title='bbox 236 4810 277 4865; x_wconf 91' lang='lat' dir='ltr'><strong>l&#39;l.</strong></span> <span class='ocrx_word' id='word_1_691' title='bbox 294 4811 362 4878; x_wconf 83' lang='lat' dir='ltr'><strong>Quia</strong></span> <span class='ocrx_word' id='word_1_692' title='bbox 376 4811 511 4881; x_wconf 74' lang='lat' dir='ltr'><strong>aedificarit</strong></span> <span class='ocrx_word' id='word_1_693' title='bbox 527 4810 652 4867; x_wconf 80' lang='lat' dir='ltr'><strong>Dominus</strong></span> <span class='ocrx_word' id='word_1_694' title='bbox 668 4810 743 4877; x_wconf 89' lang='lat' dir='ltr'><strong>Sion,</strong></span> <span class='ocrx_word' id='word_1_695' title='bbox 764 4820 787 4866; x_wconf 91' lang='lat' dir='ltr'><strong>et</strong></span> <span class='ocrx_word' id='word_1_696' title='bbox 803 4811 897 4866; x_wconf 82' lang='lat' dir='ltr'><strong>uidebi-</strong></span> 
     </span>
     <span class='ocr_line' id='line_1_68' title="bbox 100 4904 897 4977; baseline 0 -16"><span class='ocrx_word' id='word_1_697' title='bbox 100 4917 146 4961; x_wconf 80' lang='lat' dir='ltr'><strong>tur</strong></span> <span class='ocrx_word' id='word_1_698' title='bbox 167 4907 196 4959; x_wconf 91' lang='lat' dir='ltr'><strong>in</strong></span> <span class='ocrx_word' id='word_1_699' title='bbox 220 4908 351 4974; x_wconf 77' lang='lat' dir='ltr'><strong>rnujenatc</strong></span> <span class='ocrx_word' id='word_1_700' title='bbox 379 4924 436 4961; x_wconf 87' lang='lat' dir='ltr'><strong>suu.</strong></span> <span class='ocrx_word' id='word_1_701' title='bbox 463 4906 562 4962; x_wconf 86' lang='lat' dir='ltr'><strong>Versus</strong></span> <span class='ocrx_word' id='word_1_702' title='bbox 587 4908 636 4962; x_wconf 87' lang='lat' dir='ltr'><strong>istc</strong></span> <span class='ocrx_word' id='word_1_703' title='bbox 657 4906 691 4962; x_wconf 92' lang='lat' dir='ltr'><strong>de</strong></span> <span class='ocrx_word' id='word_1_704' title='bbox 713 4904 897 4977; x_wconf 88' lang='lat' dir='ltr'><strong>superioribus</strong></span> 
     </span>
     <span class='ocr_line' id='line_1_69' title="bbox 99 4999 898 5072; baseline 0.005 -23"><span class='ocrx_word' id='word_1_705' title='bbox 99 4999 219 5072; x_wconf 75' lang='lat' dir='ltr'><strong>pendct3</strong></span> <span class='ocrx_word' id='word_1_706' title='bbox 233 5002 357 5070; x_wconf 78' lang='lat' dir='ltr'><strong>quioniam</strong></span> <span class='ocrx_word' id='word_1_707' title='bbox 371 5015 465 5057; x_wconf 86' lang='lat' dir='ltr'><strong>ornnes</strong></span> <span class='ocrx_word' id='word_1_708' title='bbox 477 5012 571 5072; x_wconf 89' lang='lat' dir='ltr'><strong>gentos</strong></span> <span class='ocrx_word' id='word_1_709' title='bbox 587 5000 647 5055; x_wconf 91' lang='lat' dir='ltr'><strong>ideo</strong></span> <span class='ocrx_word' id='word_1_710' title='bbox 662 5001 795 5055; x_wconf 88' lang='lat' dir='ltr'><strong>timebunt</strong></span> <span class='ocrx_word' id='word_1_711' title='bbox 807 4999 898 5054; x_wconf 84' lang='lat' dir='ltr'><strong>Durni-</strong></span> 
     </span>
     <span class='ocr_line' id='line_1_70' title="bbox 100 5091 898 5163; baseline -0.001 -16"><span class='ocrx_word' id='word_1_712' title='bbox 100 5107 181 5154; x_wconf 84' lang='lat' dir='ltr'><strong>nnnr,</strong></span> <span class='ocrx_word' id='word_1_713' title='bbox 197 5101 223 5145; x_wconf 92' lang='grc' dir='ltr'><strong>ιι</strong></span> <span class='ocrx_word' id='word_1_714' title='bbox 237 5106 314 5163; x_wconf 89' lang='lat' dir='ltr'><strong>reges</strong></span> <span class='ocrx_word' id='word_1_715' title='bbox 330 5095 387 5162; x_wconf 79' lang='lat' dir='ltr'><strong>ejus</strong></span> <span class='ocrx_word' id='word_1_716' title='bbox 402 5093 513 5162; x_wconf 88' lang='lat' dir='ltr'><strong>gloriam</strong></span> <span class='ocrx_word' id='word_1_717' title='bbox 535 5092 716 5146; x_wconf 87' lang='lat' dir='ltr'><strong>lormidalmnt</strong></span> <span class='ocrx_word' id='word_1_718' title='bbox 733 5111 739 5144; x_wconf 90' lang='lat'>:</span> <span class='ocrx_word' id='word_1_719' title='bbox 757 5092 816 5163; x_wconf 86' lang='lat' dir='ltr'><strong>qrria</strong></span> <span class='ocrx_word' id='word_1_720' title='bbox 833 5091 898 5146; x_wconf 76' lang='lat' dir='ltr'><strong>nnti-</strong></span> 
     </span>
     <span class='ocr_line' id='line_1_71' title="bbox 100 5182 898 5248; baseline 0 -10"><span class='ocrx_word' id='word_1_721' title='bbox 100 5184 182 5238; x_wconf 82' lang='lat' dir='ltr'><strong>licata</strong></span> <span class='ocrx_word' id='word_1_722' title='bbox 198 5189 238 5236; x_wconf 90' lang='grc' dir='ltr'><strong>ιιι</strong></span> <span class='ocrx_word' id='word_1_723' title='bbox 259 5183 335 5248; x_wconf 87' lang='lat' dir='ltr'><strong>Sion,</strong></span> <span class='ocrx_word' id='word_1_724' title='bbox 356 5182 407 5237; x_wconf 82' lang='lat' dir='ltr'><strong>lum</strong></span> <span class='ocrx_word' id='word_1_725' title='bbox 421 5194 462 5238; x_wconf 87' lang='lat' dir='ltr'><strong>cst</strong></span> <span class='ocrx_word' id='word_1_726' title='bbox 477 5191 561 5239; x_wconf 88' lang='lat' dir='ltr'><strong>rnnter</strong></span> <span class='ocrx_word' id='word_1_727' title='bbox 579 5184 708 5247; x_wconf 85' lang='lat' dir='ltr'><strong>Ecclesia,</strong></span> <span class='ocrx_word' id='word_1_728' title='bbox 724 5182 758 5238; x_wconf 89' lang='lat' dir='ltr'><strong>de</strong></span> <span class='ocrx_word' id='word_1_729' title='bbox 773 5185 840 5238; x_wconf 86' lang='lat' dir='ltr'><strong>uiuis</strong></span> <span class='ocrx_word' id='word_1_730' title='bbox 860 5185 898 5238; x_wconf 88' lang='lat' dir='ltr'><strong>la·</strong></span> 
     </span>
     <span class='ocr_line' id='line_1_72' title="bbox 100 5273 897 5346; baseline 0.001 -18"><span class='ocrx_word' id='word_1_731' title='bbox 100 5274 210 5346; x_wconf 87' lang='lat' dir='ltr'><strong>pidibas</strong></span> <span class='ocrx_word' id='word_1_732' title='bbox 232 5273 375 5340; x_wconf 83' lang='lat' dir='ltr'><strong>lubricata,</strong></span> <span class='ocrx_word' id='word_1_733' title='bbox 396 5275 422 5329; x_wconf 90' lang='lat' dir='ltr'><strong>in</strong></span> <span class='ocrx_word' id='word_1_734' title='bbox 443 5290 492 5345; x_wconf 83' lang='lat' dir='ltr'><strong>qua</strong></span> <span class='ocrx_word' id='word_1_735' title='bbox 509 5274 612 5329; x_wconf 78' lang='lat' dir='ltr'><strong>llrrntini</strong></span> <span class='ocrx_word' id='word_1_736' title='bbox 633 5276 736 5330; x_wconf 88' lang='lat' dir='ltr'><strong>cultura</strong></span> <span class='ocrx_word' id='word_1_737' title='bbox 758 5274 897 5345; x_wconf 86' lang='lat' dir='ltr'><strong>usquead</strong></span> 
     </span>
     <span class='ocr_line' id='line_1_73' title="bbox 100 5368 894 5436; baseline -0.005 -11"><span class='ocrx_word' id='word_1_738' title='bbox 100 5369 185 5426; x_wconf 76' lang='lat' dir='ltr'><strong>unam</strong></span> <span class='ocrx_word' id='word_1_739' title='bbox 200 5369 291 5423; x_wconf 90' lang='lat' dir='ltr'><strong>mundi</strong></span> <span class='ocrx_word' id='word_1_740' title='bbox 306 5368 364 5423; x_wconf 87' lang='lat' dir='ltr'><strong>sine</strong></span> <span class='ocrx_word' id='word_1_741' title='bbox 377 5369 574 5424; x_wconf 82' lang='lat' dir='ltr'><strong>intermissione</strong></span> <span class='ocrx_word' id='word_1_742' title='bbox 590 5370 719 5436; x_wconf 82' lang='lat' dir='ltr'><strong>proiciet.</strong></span> <span class='ocrx_word' id='word_1_743' title='bbox 737 5368 790 5424; x_wconf 89' lang='lat' dir='ltr'><strong>lste</strong></span> <span class='ocrx_word' id='word_1_744' title='bbox 805 5377 894 5424; x_wconf 87' lang='lat' dir='ltr'><strong>autern</strong></span> 
     </span>
     <span class='ocr_line' id='line_1_74' title="bbox 99 5461 897 5532; baseline -0.006 -13"><span class='ocrx_word' id='word_1_745' title='bbox 99 5462 230 5520; x_wconf 73' lang='grc' dir='ltr'>Βιιιιιιιι</span> <span class='ocrx_word' id='word_1_746' title='bbox 243 5462 288 5532; x_wconf 90' lang='lat' dir='ltr'><strong>qui</strong></span> <span class='ocrx_word' id='word_1_747' title='bbox 300 5462 435 5530; x_wconf 80' lang='lat' dir='ltr'><strong>edificavit</strong></span> <span class='ocrx_word' id='word_1_748' title='bbox 452 5461 527 5526; x_wconf 91' lang='lat' dir='ltr'><strong>Sion,</strong></span> <span class='ocrx_word' id='word_1_749' title='bbox 543 5462 613 5516; x_wconf 90' lang='lat' dir='ltr'><strong>idern</strong></span> <span class='ocrx_word' id='word_1_750' title='bbox 628 5463 760 5532; x_wconf 88' lang='lat' dir='ltr'><strong>assumpti</strong></span> <span class='ocrx_word' id='word_1_751' title='bbox 774 5461 897 5532; x_wconf 90' lang='lat' dir='ltr'><strong>corporis</strong></span> 
     </span>
     <span class='ocr_line' id='line_1_75' title="bbox 99 5555 897 5626; baseline -0.005 -13"><span class='ocrx_word' id='word_1_752' title='bbox 99 5556 216 5614; x_wconf 81' lang='lat' dir='ltr'><strong>veritate</strong></span> <span class='ocrx_word' id='word_1_753' title='bbox 239 5556 363 5611; x_wconf 81' lang='lat' dir='ltr'><strong>ridebitur</strong></span> <span class='ocrx_word' id='word_1_754' title='bbox 383 5556 409 5608; x_wconf 87' lang='lat' dir='ltr'><strong>iu</strong></span> <span class='ocrx_word' id='word_1_755' title='bbox 433 5557 565 5624; x_wconf 79' lang='lat' dir='ltr'><strong>majestate</strong></span> <span class='ocrx_word' id='word_1_756' title='bbox 588 5573 651 5620; x_wconf 84' lang='lat' dir='ltr'><strong>rua,</strong></span> <span class='ocrx_word' id='word_1_757' title='bbox 675 5555 782 5626; x_wconf 84' lang='lat' dir='ltr'><strong>quaudo</strong></span> <span class='ocrx_word' id='word_1_758' title='bbox 805 5555 897 5610; x_wconf 84' lang='lat' dir='ltr'><strong>ltaedns</strong></span> 
     </span>
     <span class='ocr_line' id='line_1_76' title="bbox 100 5646 895 5719; baseline -0.004 -14"><span class='ocrx_word' id='word_1_759' title='bbox 100 5657 256 5719; x_wconf 81' lang='lat' dir='ltr'><strong>eenrreotrat</strong></span> <span class='ocrx_word' id='word_1_760' title='bbox 270 5647 303 5702; x_wconf 92' lang='lat' dir='ltr'><strong>ab</strong></span> <span class='ocrx_word' id='word_1_761' title='bbox 318 5646 410 5718; x_wconf 86' lang='lat' dir='ltr'><strong>agnis,</strong></span> <span class='ocrx_word' id='word_1_762' title='bbox 434 5646 461 5702; x_wconf 92' lang='lat' dir='ltr'><strong>in</strong></span> <span class='ocrx_word' id='word_1_763' title='bbox 481 5646 632 5717; x_wconf 86' lang='lat' dir='ltr'><strong>gebetnraut</strong></span> <span class='ocrx_word' id='word_1_764' title='bbox 654 5647 751 5718; x_wconf 89' lang='lat' dir='ltr'><strong>impios</strong></span> <span class='ocrx_word' id='word_1_765' title='bbox 775 5647 895 5712; x_wconf 89' lang='lat' dir='ltr'><strong>mittens,</strong></span> 
     </span>
    </p>
   </div>
   <div class='ocr_carea' id='block_1_14' title="bbox 99 5745 719 5902">
    <p class='ocr_par' dir='ltr' id='par_1_17' title="bbox 99 5745 719 5902">
     <span class='ocr_line' id='line_1_77' title="bbox 99 5745 719 5820; baseline -0.01 -17"><span class='ocrx_word' id='word_1_766' title='bbox 99 5749 182 5820; x_wconf 84' lang='lat' dir='ltr'><strong>justis</strong></span> <span class='ocrx_word' id='word_1_767' title='bbox 194 5749 297 5804; x_wconf 87' lang='lat' dir='ltr'><strong>donnas</strong></span> <span class='ocrx_word' id='word_1_768' title='bbox 308 5745 499 5803; x_wconf 87' lang='lat' dir='ltr'><strong>beatitudinem</strong></span> <span class='ocrx_word' id='word_1_769' title='bbox 517 5747 719 5819; x_wconf 70' lang='lat' dir='ltr'><strong>senpiternam.</strong></span> 
     </span>
     <span class='ocr_line' id='line_1_78' title="bbox 250 5839 505 5902; baseline -0.008 -1"><span class='ocrx_word' id='word_1_770' title='bbox 250 5842 387 5902; x_wconf 75' lang='grc' dir='ltr'>Ριτιιοι.</span> <span class='ocrx_word' id='word_1_771' title='bbox 406 5839 505 5901; x_wconf 72' lang='lat' dir='ltr'><strong>Lxx</strong></span> 
     </span>
    </p>
   </div>
   <div class='ocr_carea' id='block_1_15' title="bbox 949 4723 1772 5810">
    <p class='ocr_par' dir='ltr' id='par_1_18' title="bbox 949 4723 1772 5810">
     <span class='ocr_line' id='line_1_79' title="bbox 989 4723 1744 4801; baseline 0.004 -21"><span class='ocrx_word' id='word_1_772' title='bbox 989 4725 1065 4782; x_wconf 85' lang='lat' dir='ltr'><strong>Vers.</strong></span> <span class='ocrx_word' id='word_1_773' title='bbox 1080 4725 1125 4780; x_wconf 75' lang='lat' dir='ltr'><strong>ut.</strong></span> <span class='ocrx_word' id='word_1_774' title='bbox 1146 4723 1180 4779; x_wconf 79' lang='lat' dir='ltr'><strong>tlt</strong></span> <span class='ocrx_word' id='word_1_775' title='bbox 1202 4726 1303 4778; x_wconf 80' lang='lat' dir='ltr'><strong>audiret</strong></span> <span class='ocrx_word' id='word_1_776' title='bbox 1324 4725 1446 4794; x_wconf 78' lang='lat' dir='ltr'><strong>gemitum</strong></span> <span class='ocrx_word' id='word_1_777' title='bbox 1461 4726 1648 4780; x_wconf 85' lang='lat' dir='ltr'><strong>uirtuulatorum</strong></span> <span class='ocrx_word' id='word_1_778' title='bbox 1667 4727 1744 4801; x_wconf 85' lang='lat' dir='ltr'><strong>[mss.</strong></span> 
     </span>
     <span class='ocr_line' id='line_1_80' title="bbox 952 4817 1746 4888; baseline 0 -13"><span class='ocrx_word' id='word_1_779' title='bbox 952 4823 999 4884; x_wconf 75' lang='lat' dir='ltr'><strong>tt,</strong></span> <span class='ocrx_word' id='word_1_780' title='bbox 1012 4819 1054 4883; x_wconf 89' lang='lat' dir='ltr'><strong>B.,</strong></span> <span class='ocrx_word' id='word_1_781' title='bbox 1073 4817 1296 4887; x_wconf 74' lang='lat' dir='ltr'><strong>compeditoruml,</strong></span> <span class='ocrx_word' id='word_1_782' title='bbox 1312 4827 1338 4870; x_wconf 89' lang='grc' dir='ltr'><strong>ιι</strong></span> <span class='ocrx_word' id='word_1_783' title='bbox 1352 4818 1434 4871; x_wconf 87' lang='lat' dir='ltr'><strong>soluat</strong></span> <span class='ocrx_word' id='word_1_784' title='bbox 1446 4818 1514 4886; x_wconf 73' lang='lat' dir='ltr'><strong>pilius</strong></span> <span class='ocrx_word' id='word_1_785' title='bbox 1526 4818 1746 4888; x_wconf 84' lang='lat' dir='ltr'><strong>interemptorum.</strong></span> 
     </span>
     <span class='ocr_line' id='line_1_81' title="bbox 949 4907 1744 4981; baseline 0.003 -16"><span class='ocrx_word' id='word_1_786' title='bbox 949 4910 1061 4965; x_wconf 86' lang='lat' dir='ltr'><strong>Causam</strong></span> <span class='ocrx_word' id='word_1_787' title='bbox 1078 4909 1166 4965; x_wconf 89' lang='lat' dir='ltr'><strong>reddit</strong></span> <span class='ocrx_word' id='word_1_788' title='bbox 1182 4925 1230 4963; x_wconf 90' lang='lat' dir='ltr'><strong>cur</strong></span> <span class='ocrx_word' id='word_1_789' title='bbox 1248 4907 1327 4981; x_wconf 68' lang='lat' dir='ltr'><strong>3!ss</strong></span> <span class='ocrx_word' id='word_1_790' title='bbox 1345 4908 1469 4964; x_wconf 84' lang='lat' dir='ltr'><strong>Dominus</strong></span> <span class='ocrx_word' id='word_1_791' title='bbox 1484 4912 1516 4963; x_wconf 87' lang='lat' dir='ltr'><strong>de</strong></span> <span class='ocrx_word' id='word_1_792' title='bbox 1531 4911 1592 4966; x_wconf 87' lang='lat' dir='ltr'><strong>caelo</strong></span> <span class='ocrx_word' id='word_1_793' title='bbox 1607 4913 1633 4964; x_wconf 90' lang='lat' dir='ltr'><strong>r&#39;n</strong></span> <span class='ocrx_word' id='word_1_794' title='bbox 1649 4921 1744 4967; x_wconf 87' lang='lat' dir='ltr'><strong>terram</strong></span> 
     </span>
     <span class='ocr_line' id='line_1_82' title="bbox 950 5000 1743 5078; baseline 0.003 -24"><span class='ocrx_word' id='word_1_795' title='bbox 950 5001 1090 5071; x_wconf 77' lang='lat' dir='ltr'><strong>prospexit,</strong></span> <span class='ocrx_word' id='word_1_796' title='bbox 1112 5001 1224 5065; x_wconf 82' lang='lat' dir='ltr'><strong>scilicet,</strong></span> <span class='ocrx_word' id='word_1_797' title='bbox 1250 5009 1278 5053; x_wconf 88' lang='lat' dir='ltr'><strong>ut</strong></span> <span class='ocrx_word' id='word_1_798' title='bbox 1292 5000 1393 5078; x_wconf 75' lang='lat' dir='ltr'><strong>audiret</strong></span> <span class='ocrx_word' id='word_1_799' title='bbox 1407 5002 1528 5072; x_wconf 82' lang='lat' dir='ltr'><strong>gemitum</strong></span> <span class='ocrx_word' id='word_1_800' title='bbox 1542 5002 1743 5058; x_wconf 82' lang='lat' dir='ltr'><strong>vinculatorum.</strong></span> 
     </span>
     <span class='ocr_line' id='line_1_83' title="bbox 957 5091 1745 5163; baseline 0.005 -17"><span class='ocrx_word' id='word_1_801' title='bbox 957 5092 1102 5148; x_wconf 72' lang='lat' dir='ltr'><strong>vinculatur</strong></span> <span class='ocrx_word' id='word_1_802' title='bbox 1122 5093 1166 5148; x_wconf 85' lang='lat' dir='ltr'><strong>ltic</strong></span> <span class='ocrx_word' id='word_1_803' title='bbox 1188 5107 1240 5146; x_wconf 91' lang='lat' dir='ltr'><strong>non</strong></span> <span class='ocrx_word' id='word_1_804' title='bbox 1262 5091 1394 5163; x_wconf 89' lang='lat' dir='ltr'><strong>signillcat</strong></span> <span class='ocrx_word' id='word_1_805' title='bbox 1410 5095 1533 5148; x_wconf 82' lang='lat' dir='ltr'><strong>humanis</strong></span> <span class='ocrx_word' id='word_1_806' title='bbox 1560 5095 1673 5150; x_wconf 80' lang='lat' dir='ltr'><strong>noxibus</strong></span> <span class='ocrx_word' id='word_1_807' title='bbox 1694 5093 1745 5150; x_wconf 90' lang='lat' dir='ltr'><strong>illi·</strong></span> 
     </span>
     <span class='ocr_line' id='line_1_84' title="bbox 949 5183 1747 5256; baseline 0.004 -19"><span class='ocrx_word' id='word_1_808' title='bbox 949 5194 1037 5256; x_wconf 84' lang='lat' dir='ltr'><strong>gatos,</strong></span> <span class='ocrx_word' id='word_1_809' title='bbox 1055 5184 1102 5241; x_wconf 91' lang='lat' dir='ltr'><strong>sod</strong></span> <span class='ocrx_word' id='word_1_810' title='bbox 1120 5184 1191 5240; x_wconf 85' lang='lat' dir='ltr'><strong>viros</strong></span> <span class='ocrx_word' id='word_1_811' title='bbox 1210 5192 1316 5238; x_wconf 79' lang='lat' dir='ltr'><strong>sanictos</strong></span> <span class='ocrx_word' id='word_1_812' title='bbox 1334 5185 1377 5254; x_wconf 84' lang='lat' dir='ltr'><strong>qrti</strong></span> <span class='ocrx_word' id='word_1_813' title='bbox 1395 5184 1526 5254; x_wconf 86' lang='lat' dir='ltr'><strong>legalibus</strong></span> <span class='ocrx_word' id='word_1_814' title='bbox 1541 5183 1653 5240; x_wconf 84' lang='lat' dir='ltr'><strong>uinculis</strong></span> <span class='ocrx_word' id='word_1_815' title='bbox 1666 5188 1747 5241; x_wconf 82' lang='lat' dir='ltr'><strong>astri·</strong></span> 
     </span>
     <span class='ocr_line' id='line_1_85' title="bbox 951 5273 1744 5345; baseline 0.001 -16"><span class='ocrx_word' id='word_1_816' title='bbox 951 5278 997 5341; x_wconf 82' lang='lat' dir='ltr'><strong>eti,</strong></span> <span class='ocrx_word' id='word_1_817' title='bbox 1022 5276 1154 5330; x_wconf 88' lang='lat' dir='ltr'><strong>libertatis</strong></span> <span class='ocrx_word' id='word_1_818' title='bbox 1175 5273 1265 5330; x_wconf 68' lang='lat' dir='ltr'><strong>notice</strong></span> <span class='ocrx_word' id='word_1_819' title='bbox 1288 5275 1440 5345; x_wconf 87' lang='lat' dir='ltr'><strong>relinquero</strong></span> <span class='ocrx_word' id='word_1_820' title='bbox 1462 5277 1607 5343; x_wconf 89' lang='lat' dir='ltr'><strong>probantur</strong></span> <span class='ocrx_word' id='word_1_821' title='bbox 1627 5291 1744 5332; x_wconf 85' lang='lat' dir='ltr'><strong>errores.</strong></span> 
     </span>
     <span class='ocr_line' id='line_1_86' title="bbox 950 5368 1749 5441; baseline 0.004 -19"><span class='ocrx_word' id='word_1_822' title='bbox 950 5369 987 5424; x_wconf 85' lang='lat' dir='ltr'><strong>lle</strong></span> <span class='ocrx_word' id='word_1_823' title='bbox 1007 5370 1103 5437; x_wconf 81' lang='lat' dir='ltr'><strong>ortibus</strong></span> <span class='ocrx_word' id='word_1_824' title='bbox 1122 5371 1160 5423; x_wconf 87' lang='lat' dir='ltr'><strong>ait</strong></span> <span class='ocrx_word' id='word_1_825' title='bbox 1175 5368 1301 5423; x_wconf 87' lang='lat' dir='ltr'><strong>Salomon</strong></span> <span class='ocrx_word' id='word_1_826' title='bbox 1318 5385 1325 5421; x_wconf 72' lang='grc' dir='ltr'><em>τ</em></span> <span class='ocrx_word' id='word_1_827' title='bbox 1342 5369 1421 5434; x_wconf 80' lang='lat' dir='ltr'><strong>Audi,</strong></span> <span class='ocrx_word' id='word_1_828' title='bbox 1437 5368 1487 5437; x_wconf 77' lang='lat' dir='ltr'><strong>fili,</strong></span> <span class='ocrx_word' id='word_1_829' title='bbox 1502 5377 1526 5423; x_wconf 91' lang='lat' dir='ltr'><strong>et</strong></span> <span class='ocrx_word' id='word_1_830' title='bbox 1541 5369 1630 5441; x_wconf 75' lang='lat' dir='ltr'><strong>excipe</strong></span> <span class='ocrx_word' id='word_1_831' title='bbox 1648 5378 1749 5425; x_wconf 83' lang='lat' dir='ltr'><strong>oenten-</strong></span> 
     </span>
     <span class='ocr_line' id='line_1_87' title="bbox 950 5459 1747 5531; baseline 0.003 -16"><span class='ocrx_word' id='word_1_832' title='bbox 950 5461 1021 5524; x_wconf 85' lang='lat' dir='ltr'><strong>tiutu,</strong></span> <span class='ocrx_word' id='word_1_833' title='bbox 1041 5470 1064 5513; x_wconf 92' lang='lat' dir='ltr'><strong>et</strong></span> <span class='ocrx_word' id='word_1_834' title='bbox 1084 5477 1114 5513; x_wconf 88' lang='grc' dir='ltr'><strong>ιιι</strong></span> <span class='ocrx_word' id='word_1_835' title='bbox 1132 5459 1239 5529; x_wconf 78' lang='lat' dir='ltr'><strong>abjicias</strong></span> <span class='ocrx_word' id='word_1_836' title='bbox 1258 5460 1395 5514; x_wconf 85' lang='lat' dir='ltr'><strong>corrsilr&#39;um</strong></span> <span class='ocrx_word' id='word_1_837' title='bbox 1415 5477 1510 5528; x_wconf 89' lang='lat' dir='ltr'><strong>meum,</strong></span> <span class='ocrx_word' id='word_1_838' title='bbox 1526 5471 1551 5516; x_wconf 90' lang='lat' dir='ltr'><strong>et</strong></span> <span class='ocrx_word' id='word_1_839' title='bbox 1569 5461 1637 5531; x_wconf 71' lang='lat' dir='ltr'><strong>infer</strong></span> <span class='ocrx_word' id='word_1_840' title='bbox 1657 5464 1747 5530; x_wconf 81' lang='lat' dir='ltr'><strong>pedem</strong></span> 
     </span>
     <span class='ocr_line' id='line_1_88' title="bbox 951 5550 1746 5620; baseline 0.001 -13"><span class='ocrx_word' id='word_1_841' title='bbox 951 5563 1023 5607; x_wconf 84' lang='lat' dir='ltr'><strong>tuurn</strong></span> <span class='ocrx_word' id='word_1_842' title='bbox 1039 5553 1066 5604; x_wconf 87' lang='lat' dir='ltr'><strong>in</strong></span> <span class='ocrx_word' id='word_1_843' title='bbox 1085 5553 1217 5618; x_wconf 80' lang='lat' dir='ltr'><strong>compedes</strong></span> <span class='ocrx_word' id='word_1_844' title='bbox 1231 5550 1312 5618; x_wconf 84' lang='lat' dir='ltr'><strong>illiue,</strong></span> <span class='ocrx_word' id='word_1_845' title='bbox 1328 5561 1352 5604; x_wconf 83' lang='lat' dir='ltr'><strong>et</strong></span> <span class='ocrx_word' id='word_1_846' title='bbox 1369 5551 1396 5605; x_wconf 85' lang='lat' dir='ltr'><strong>in</strong></span> <span class='ocrx_word' id='word_1_847' title='bbox 1416 5560 1532 5620; x_wconf 72' lang='lat' dir='ltr'><strong>torquem</strong></span> <span class='ocrx_word' id='word_1_848' title='bbox 1552 5553 1624 5607; x_wconf 86' lang='lat' dir='ltr'><strong>illius</strong></span> <span class='ocrx_word' id='word_1_849' title='bbox 1647 5554 1746 5608; x_wconf 86' lang='lat' dir='ltr'><strong>collum</strong></span> 
     </span>
     <span class='ocr_line' id='line_1_89' title="bbox 952 5640 1749 5717; baseline 0.005 -18"><span class='ocrx_word' id='word_1_850' title='bbox 952 5659 1025 5701; x_wconf 91' lang='lat' dir='ltr'><strong>tuum</strong></span> <span class='ocrx_word' id='word_1_851' title='bbox 1039 5644 1135 5716; x_wconf 78' lang='lat' dir='ltr'><strong>subjice</strong></span> <span class='ocrx_word' id='word_1_852' title='bbox 1154 5640 1249 5713; x_wconf 81' lang='lat' dir='ltr'><strong>(Eruli.</strong></span> <span class='ocrx_word' id='word_1_853' title='bbox 1263 5659 1304 5708; x_wconf 81' lang='lat' dir='ltr'><strong>vt,</strong></span> <span class='ocrx_word' id='word_1_854' title='bbox 1319 5644 1371 5710; x_wconf 75' lang='lat' dir='ltr'><strong>at,</strong></span> <span class='ocrx_word' id='word_1_855' title='bbox 1382 5643 1433 5714; x_wconf 72' lang='lat'><strong>25,</strong></span> <span class='ocrx_word' id='word_1_856' title='bbox 1449 5644 1508 5713; x_wconf 66' lang='lat'><strong>26).</strong></span> <span class='ocrx_word' id='word_1_857' title='bbox 1535 5644 1570 5701; x_wconf 81' lang='lat' dir='ltr'><strong>Et</strong></span> <span class='ocrx_word' id='word_1_858' title='bbox 1584 5647 1663 5717; x_wconf 79' lang='lat' dir='ltr'><strong>graula</strong></span> <span class='ocrx_word' id='word_1_859' title='bbox 1687 5658 1749 5717; x_wconf 80' lang='lat' dir='ltr'><strong>prist</strong></span> 
     </span>
     <span class='ocr_line' id='line_1_90' title="bbox 953 5734 1772 5810; baseline -0.009 -15"><span class='ocrx_word' id='word_1_860' title='bbox 953 5738 1083 5810; x_wconf 78' lang='lat' dir='ltr'><strong>sequntur,</strong></span> <span class='ocrx_word' id='word_1_861' title='bbox 1100 5735 1130 5791; x_wconf 78' lang='lat' dir='ltr'><strong>Et</strong></span> <span class='ocrx_word' id='word_1_862' title='bbox 1144 5745 1218 5791; x_wconf 91' lang='lat' dir='ltr'><strong>erunt</strong></span> <span class='ocrx_word' id='word_1_863' title='bbox 1231 5735 1275 5791; x_wconf 86' lang='lat' dir='ltr'><strong>tibi</strong></span> <span class='ocrx_word' id='word_1_864' title='bbox 1288 5734 1426 5806; x_wconf 74' lang='lat' dir='ltr'><strong>contundes</strong></span> <span class='ocrx_word' id='word_1_865' title='bbox 1437 5737 1470 5790; x_wconf 86' lang='grc' dir='ltr'><strong>Ιιιι</strong></span> <span class='ocrx_word' id='word_1_866' title='bbox 1481 5741 1677 5807; x_wconf 80' lang='lat' dir='ltr'><strong>protectionem</strong></span> <span class='ocrx_word' id='word_1_867' title='bbox 1688 5742 1772 5810; x_wconf 69' lang='lat' dir='ltr'><strong>lunti-</strong></span> 
     </span>
    </p>
   </div>
   <div class='ocr_carea' id='block_1_16' title="bbox 1444 5830 1493 5892">
    <p class='ocr_par' dir='ltr' id='par_1_19' title="bbox 1444 5830 1493 5892">
     <span class='ocr_line' id='line_1_91' title="bbox 1444 5830 1493 5892; baseline 0 0"><span class='ocrx_word' id='word_1_868' title='bbox 1444 5830 1493 5892; x_wconf 73' lang='lat' dir='ltr'><strong>‘tt</strong></span> 
     </span>
    </p>
   </div>
   <div class='ocr_carea' id='block_1_17' title="bbox 0 0 1926 6116">
    <p class='ocr_par' dir='ltr' id='par_1_20' title="bbox 0 0 1926 6116">
     <span class='ocr_line' id='line_1_92' title="bbox 0 0 1926 6116; baseline 0 0"><span class='ocrx_word' id='word_1_869' title='bbox 0 0 1926 6116; x_wconf 95' lang='lat' dir='ltr'><strong> </strong></span> 
     </span>
    </p>
   </div>
  </div>
 </body>
</html>
