3794 6128
125 261 185 317 als
237 276 242 283 ·
579 263 757 321 exebsttto
778 264 808 321 tri
828 264 1058 324 lStbtbbtbtt.
1080 269 1176 329 cett.
1198 271 1317 328 xixti.
1718 277 1785 332 2in

125 378 245 440 dicitur,
267 375 330 448 quia
343 377 462 432 mortalis
481 377 591 433 allectus
609 388 666 444 est;
683 397 794 450 coruus,
813 381 876 449 quia
896 380 922 434 in
938 383 961 441 Α
977 381 1042 437 Nam
1060 385 1082 439 si
1098 384 1226 442 historice
1240 387 1371 458 accipias,
1384 404 1518 459 nunquam
1534 406 1595 446 corn
1611 391 1676 463 leqis
1691 403 1773 449 utum

127 468 270 522 laboribus
279 478 306 522 et
317 467 460 523 sudoribus
473 484 567 538 paoem
580 471 721 540 quaesirit3
737 489 844 540 portuen,
857 488 923 542 quo·
977 471 1059 526 luisse
1073 475 1167 529 cilicio.
1185 475 1256 547 Ergo
1267 477 1329 531 dum
1345 477 1428 532 iudai
1441 494 1488 548 per
1502 482 1678 537 contumelias
1690 492 1717 538 ct
1727 485 1769 538 in·

128 558 202 611 niatu
214 559 250 612 de
264 559 308 611 illa
322 560 454 627 sapientia
470 571 497 614 et
513 561 627 630 pto-itote
639 560 771 631 dejectos,
783 563 868 616 solam
886 572 924 617 te·
975 563 1057 616 sitias
1071 574 1153 619 essent
1168 567 1277 634 molesti,
1294 568 1339 623 iile
1349 566 1516 624 divinitatem
1532 585 1607 625 suam
1623 573 1711 627 carnis
1722 589 1767 628 re·

127 657 246 703 ιιιιειιιει
255 648 425 703 umbratilem
435 651 612 705 ratiunculam
621 652 853 721 possidebatiiom
864 654 924 725 quis
975 654 1072 710 lamine
1085 658 1233 712 tenebrosis
1245 658 1380 714 mentibus
1395 659 1552 725 occulebat,
1565 661 1626 729 qnia
1640 678 1692 716 non
1709 678 1765 719 me·

125 739 201 792 dicat
216 754 263 793 eos
277 753 341 793 rere
354 740 486 808 sapuisse,
499 743 545 808 qui
556 744 673 797 auctmis
685 744 724 797 sui
743 744 924 813 probabantur
975 746 1105 803 rebantur
1122 765 1269 820 agnoscere
1283 767 1361 820 quom
1381 754 1426 808 tali
1449 755 1584 824 impietate
1605 755 1764 810 tractabant.

124 831 270 885 scientiam
287 847 339 885 non
356 831 471 888 baberet
485 833 536 888 Sed
552 836 622 889 itanc
637 835 716 890 taient
732 851 780 905 per
795 837 920 892 incauta·
974 837 1030 893 iioe
1044 839 1154 894 scbema
1174 843 1354 904 metriasmos,
1371 843 1396 898 iti
1412 855 1453 899 est
1468 846 1764 915 mediocritasdicitur,

125 923 229 974 tiotscm
255 937 330 975 soom
355 921 499 991 liberasse,
526 941 605 994 qoam
622 926 758 991 mirabile,
779 942 860 996 quam
882 936 924 983 est
973 932 1078 999 quoties
1099 946 1154 987 rem
1173 948 1296 1003 magnam
1312 933 1406 989 botnili
1427 947 1489 990 roto
1509 937 1659 1006 deiicimos.
1676 938 1763 1008 Quum

125 1014 292 1069 omnimodis
314 1015 467 1085 singulare,
490 1029 518 1070 ut
539 1019 635 1074 merito
656 1020 780 1074 dicatur:
798 1021 921 1090 Domine,
974 1021 1083 1091 figuram
1098 1032 1125 1077 et
1139 1024 1165 1076 io
1180 1025 1245 1088 boe,
1262 1033 1288 1078 et
1303 1025 1329 1079 in
1345 1027 1573 1096 subseqnentibus
1588 1030 1709 1085 versibus
1723 1030 1765 1086 di·

124 1105 183 1173 qsis
200 1104 294 1160 sintilfs
314 1106 378 1160 tibi?
394 1106 428 1160 Et
443 1118 579 1164 menteoto
597 1109 667 1178 qnod
684 1124 780 1179 snpra,
797 1115 829 1164 dc
846 1129 922 1168 uranu
973 1112 1058 1180 ligens
1074 1113 1157 1168 lector
1171 1129 1312 1184 agnosces.
1331 1116 1362 1170 Et
1381 1118 1523 1172 considera
1554 1120 1663 1174 rerbnm
1682 1120 1765 1177 coele·

124 1195 259 1265 sortiaris,
276 1196 412 1250 dlalminut
429 1198 576 1268 siguificat,
593 1199 638 1270 qui
653 1201 689 1256 uti
701 1216 744 1270 pue
765 1204 861 1257 lortioa
872 1205 924 1259 ito·
971 1207 1022 1260 stis
1034 1207 1182 1274 patientim;
1196 1222 1249 1262 non
1260 1206 1336 1273 dicit,
1346 1189 1460 1273 cuntme
1471 1221 1704 1280 persequerentur,
1716 1212 1767 1267 sed

124 1286 247 1340 minibus
259 1297 329 1342 erat.
343 1287 482 1343 inleriasa
497 1291 652 1357 rapientibus
669 1308 735 1361 eum,
750 1295 859 1364 spiritus
872 1298 922 1351 im-
972 1311 1031 1349 coto
1045 1296 1109 1350 asilu
1122 1296 1221 1352 moissi
1236 1307 1332 1364 css.nt,·
1356 1299 1427 1369 qnod
1443 1302 1563 1356 solemus
1576 1302 1667 1356 dicere
1682 1301 1708 1356 io
1724 1303 1761 1358 ie·

125 1377 365 1450 mondosiatelilgi
377 1380 446 1447 solt,
459 1382 504 1452 qni
516 1384 642 1451 potestati
656 1386 795 1443 diaboltee
807 1389 920 1444 neinntia
972 1388 1048 1444 sibus
1067 1388 1171 1455 censis,
1193 1390 1236 1444 obi
1253 1391 1354 1460 aliquid
1373 1392 1524 1462 importune
1543 1403 1698 1464 suggestum
1716 1403 1763 1449 tm·

125 1467 272 1526 deratimm
284 1471 473 1528 commilitant.
972 1478 1046 1534 diosa
1060 1480 1196 1537 voluntate
1209 1483 1381 1551 suscipimus.

162 1559 242 1617 Vera.
261 1560 305 1616 ib.
321 1559 495 1634 Erasrprntea
507 1566 749 1639 creatoremque
769 1570 921 1641 iquoraitont
1008 1572 1085 1627 bers.
1101 1572 1145 1628 lii.
1160 1570 1194 1626 br
1207 1573 1373 1628 bstuiiiabom
1386 1575 1412 1629 in
1427 1575 1527 1646 jejunio
1539 1576 1653 1635 oninnnt
1670 1593 1761 1644 meant,

123 1648 320 1722 internecabant
333 1668 383 1706 nte.
395 1652 540 1725 Postquam
555 1655 624 1711 dixit
637 1658 919 1728 multipliceseaiami·
971 1676 995 1719 et
1016 1665 1098 1719 aretio
1117 1681 1174 1720 mea
1197 1666 1224 1720 its
1244 1665 1302 1720 sinu
1324 1683 1380 1720 mco
1404 1669 1605 1726 corruertebatur.
1628 1668 1762 1743 ieiunium

123 1741 319 1811 tatesqoibos
342 1744 514 1813 premebatur
543 1746 713 1817 immanitas,
735 1763 764 1804 nt
783 1764 815 1805 se
833 1749 867 1806 ab
885 1766 917 1807 ea
933 1753 957 1814 B
973 1757 1076 1811 basuini
1096 1755 1165 1822 luit,
1185 1756 1292 1827 qnando
1315 1757 1430 1812 neianda
1451 1760 1633 1817 obstinatione
1651 1761 1770 1816 duratos-

122 1847 179 1888 nua
189 1833 316 1889 redderet
326 1835 456 1902 alienum,
470 1852 551 1906 quam
564 1853 615 1909 pro
627 1839 705 1896 nobis
715 1855 856 1898 assumere
868 1857 917 1900 sua
969 1863 1023 1903 oon
1038 1845 1191 1903 irretiebat
1203 1887 1210 1913 ,
1233 1861 1301 1918 quos
1317 1846 1344 1902 in
1359 1849 1452 1919 epulas
1472 1850 1626 1918 spirituales
1640 1864 1763 1906 assume·

122 1930 225 2001 pTetate
246 1929 448 2002 dignatusest,
471 1947 542 1989 nnnc
566 1935 701 2005 propriam
726 1947 919 1994 commemorat
969 1947 1020 1995 ret.
1033 1938 1096 1994 llaec
1119 1938 1191 1994 enim
1206 1938 1254 1993 luit
1274 1939 1406 1995 sterilitas
1420 1941 1518 1996 animae
1533 1940 1632 2012 ipsius,
1647 1942 1762 2012 qnodet

121 2023 289 2093 passionem.
306 2022 390 2080 Teates
404 2024 501 2095 igitur,
517 2027 563 2096 qni
574 2027 663 2083 subito
676 2028 778 2099 impeto
798 2027 918 2085 belluino
964 2030 1103 2104 jejunium.
1116 2029 1249 2100 ieiunium
1266 2031 1339 2086 enim
1358 2032 1459 2087 dietum
1481 2042 1524 2086 est
1538 2033 1614 2103 quasi
1630 2031 1759 2097 inedium,

122 2122 308 2185 consurgunt,
327 2130 377 2171 nee
396 2115 535 2173 moderate
553 2118 722 2176 adducuntur
741 2121 768 2174 in
788 2121 918 2189 medium,
968 2121 1039 2193 qnod
1054 2122 1221 2178 abstinentes
1232 2122 1334 2178 diutius
1347 2123 1381 2178 ad
1392 2123 1508 2178 inediam
1521 2139 1607 2194 usque
1620 2124 1759 2194 perducat.

123 2213 186 2260 sont
201 2206 261 2261 sine
275 2205 443 2263 dubitatione
455 2207 603 2277 ialsissimi,
618 2224 684 2280 quos
699 2225 753 2266 uno
768 2212 852 2268 serbo
865 2226 913 2281 po-
968 2212 1102 2283 lejunarit
1116 2227 1180 2284 erqo
1201 2212 1346 2280 llominus,
1363 2214 1468 2284 quisse
1483 2214 1506 2269 ci
1521 2214 1660 2270 incredula
1681 2215 1759 2271 turba

124 2303 212 2351 tenter
228 2296 352 2368 designat
370 2297 462 2353 dicens
481 2316 488 2352 ε
509 2298 607 2376 iniqui.
629 2300 731 2357 ilerera
752 2304 852 2374 iniqui,
871 2305 917 2375 qui
969 2303 1149 2359 subtraxerat.
1166 2303 1258 2359 Potest
1272 2305 1352 2359 etiam
1366 2316 1393 2359 et
1404 2304 1536 2375 jejunium
1550 2305 1689 2372 corporale
1706 2306 1758 2362 ilo·

123 2399 200 2442 erant
210 2399 305 2444 conns
319 2391 657 2464 scritatentjttstitiamque
672 2393 796 2451 locuturi.
808 2396 916 2466 lutsqit:
969 2394 1041 2449 mitto
1051 2394 1208 2462 convenire,
1223 2394 1349 2465 quoniam
1360 2395 1536 2466 quadraginta
1552 2395 1645 2451 diebos
1662 2408 1690 2451 et
1712 2412 1759 2451 no·

124 2481 189 2544 Quae
202 2483 369 2552 iqrtcrabom,
387 2483 412 2536 iti
432 2493 473 2537 εει
493 2500 551 2553 qtsae
570 2500 614 2540 me
632 2485 733 2542 dixisse
754 2488 918 2545 omnimodis
968 2487 1054 2541 (tibus
1065 2486 1196 2556 jejunavit
1210 2487 1238 2541 in
1261 2497 1353 2543 monte
1371 2486 1477 2557 ilduttis.
1503 2503 1538 2553 rr,
1563 2487 1613 2557 2);
1636 2487 1684 2542 scd
1712 2487 1759 2543 iiio

125 2571 287 2625 nesciebam.
303 2573 350 2627 Sic
369 2571 441 2627 enim
456 2572 492 2628 dc
507 2573 558 2628 iilis
573 2573 688 2631 dicimus
703 2578 748 2645 qui
765 2591 795 2633 se
810 2577 916 2634 bomini
969 2577 1088 2647 perlecto
1097 2576 1201 2646 jejttnio
1215 2579 1249 2633 de
1261 2593 1314 2647 quo
1330 2577 1410 2632 isaias
1429 2577 1513 2632 dirit:
1530 2576 1606 2632 Solae
1616 2592 1690 2630 estne
1704 2579 1760 2630 nio·

126 2659 257 2715 bencileio
286 2669 360 2715 recta
385 2662 590 2718 conversatione
619 2664 804 2728 custodiunt:
831 2667 919 2723 nescit
969 2668 1055 2722 culum
1079 2667 1238 2737 iniquitatis,
1262 2666 1370 2722 disesiae
1392 2667 1558 2738 obiiqotiours
1578 2665 1763 2720 belesmensium

125 2750 249 2814 mentiri,
267 2751 352 2805 nescit
372 2765 484 2820 rapere,
500 2753 586 2807 nescit
599 2753 762 2822 opprimere.
778 2754 918 2825 ignorabat
969 2759 1204 2820 corstmutaticnum,
1220 2759 1318 2813 dimitte
1330 2759 1437 2829 afflictos
1450 2760 1476 2812 in
1498 2759 1654 2824 remissione,
1669 2768 1693 2813 et
1706 2775 1761 2812 crn-

126 2844 196 2897 enim
211 2841 342 2897 Dominus
356 2843 553 2912 blasphemare,
566 2846 636 2912 quud
652 2847 675 2900 ei
688 2846 813 2916 princeps
826 2861 918 2903 sacer·
970 2865 1025 2902 nent
1039 2848 1228 2903 eetrttortmem
1243 2848 1357 2917 iniquom
1375 2850 1522 2918 disrumpe,
1538 2851 1627 2919 {rauce
1641 2847 1761 2902 esurienti
1815 2869 1825 2887 ·

126 2936 216 2990 dotum
231 2938 324 2991 scissis
339 2936 459 2991 tte-tibus
475 2935 626 3006 imputauit,
641 2937 749 3007 qnando
762 2939 848 2994 ditit:
872 2939 916 2995 t'i·
969 2955 1061 3012 ponent
1080 2949 1171 3005 tuum,
1191 2948 1214 2994 et
1235 2955 1358 3010 pauperes
1371 2940 1425 2993 siue
1436 2949 1500 2992 tecto
1521 2939 1599 2992 ittduc
1613 2940 1640 2993 iu
1654 2939 1759 2993 doutunt

128 3028 215 3081 debitis
234 3025 332 3081 b'iit'aul
349 3028 459 3081 leontinis
478 3028 608 3082 sedentem
625 3029 660 3081 od
678 3029 809 3082 decretum
828 3028 918 3085 Patris
970 3041 1049 3084 tuam.
1061 3030 1091 3086 Si
1101 3029 1193 3083 uideris
1208 3030 1316 3094 nudum,
1329 3030 1441 3095 cooperi,
1455 3038 1479 3081 et
1493 3028 1643 3082 domesticas
1656 3027 1759 3083 remittis
1800 3043 1805 3065 ¹

131 3117 236 3187 (listris.
248 3133 321 3183 atrt,
336 3119 397 3187 bl);
411 3128 438 3174 ει
451 3120 662 3176 ειιΙιεεειιιιιεεει
675 3121 798 3191 princeps
811 3111 954 3177 iudeo-C
970 3123 1007 3176 tui
1031 3138 1083 3176 non
1104 3121 1236 3192 despicies.
1262 3119 1334 3174 Tunc
1356 3128 1470 3188 erumpet
1494 3119 1645 3173 ntottttiuum
1671 3120 1758 3176 lutssen

129 3224 184 3263 rtttn
197 3227 204 3261 ε
219 3207 429 3279 iliaspitemaoit;
443 3209 504 3279 qnid
516 3211 600 3264 adbuc
615 3227 716 3282 cccmus
727 3211 852 3267 testibus?
864 3213 917 3271 Sed
968 3222 1054 3278 tuum,
1070 3222 1093 3267 et
1105 3212 1203 3266 sanitas
1220 3220 1263 3266 tua
1281 3210 1332 3265 cito
1347 3211 1451 3266 orietur.
1468 3208 1501 3263 Et
1514 3212 1637 3281 precedet
1657 3223 1716 3265 onte
1736 3227 1761 3267 te

128 3304 205 3372 quale
225 3304 408 3358 testimoninm
430 3303 524 3367 inerit,
546 3303 718 3375 subsequenti
735 3305 815 3361 uerbo
829 3306 917 3362 deela-
964 3305 1066 3377 jesstitia
1077 3314 1131 3368 tua,
1143 3311 1167 3357 et
1178 3306 1299 3376 majestas
1312 3302 1414 3358 Domini
1427 3302 1596 3358 circundabit
1607 3315 1639 3358 tc.
1653 3302 1685 3358 br
1700 3313 1760 3360 tuos

131 3395 211 3459 rarit;
226 3402 257 3447 ιιι
266 3408 314 3448 eos
324 3408 376 3447 non
386 3393 488 3448 diceret
498 3394 657 3460 convicisse,
669 3395 716 3449 seri
728 3396 916 3466 interrogasse,
968 3396 1101 3454 ciosnaiis,
1115 3405 1140 3450 et
1153 3396 1220 3450 Deus
1232 3395 1349 3449 exaudiet
1361 3405 1396 3461 te,
1411 3394 1495 3449 adbuc
1507 3404 1532 3449 tc
1545 3396 1663 3465 loquente
1672 3396 1737 3450 dicet
1749 3413 1759 3452 .·

128 3486 200 3554 quasi
217 3500 272 3540 noo
286 3484 320 3540 dc
334 3500 382 3540 sua
398 3485 551 3554 integritate
566 3484 702 3550 cottltsos,
719 3485 766 3540 sed
783 3487 817 3541 de
829 3487 916 3540 aliena
968 3487 1035 3544 Ecce
1053 3489 1143 3542 adsum
1160 3485 1245 3557 (lsai.
1260 3501 1336 3551 artu,
1350 3485 1378 3552 b,
1392 3487 1419 3554 t,
1432 3485 1459 3553 8,
1477 3485 1518 3556 9),
1533 3495 1560 3541 ει
1571 3497 1683 3555 caetera,
1700 3501 1759 3555 qum
1775 3521 1778 3526 -

128 3592 190 3633 soce
204 3577 348 3633 sollicitos.
360 3577 399 3633 be
411 3592 465 3647 quo
477 3576 537 3632 ioco
548 3575 690 3631 liattbaus
701 3579 863 3648 evangelista
877 3581 917 3634 sie
969 3587 1056 3635 testas
1076 3577 1267 3632 illuminabilis
1291 3577 1394 3633 coe'esti
1416 3590 1528 3632 nurnere
1549 3576 1699 3644 pollicetur.
1720 3578 1777 3632 ita·

127 3675 185 3726 ait:
212 3671 358 3726 ilenissime
377 3681 463 3725 autem
480 3681 601 3726 uenerunt
622 3672 675 3726 duo
699 3673 761 3743 {aiei
783 3683 872 3740 testes,
892 3681 917 3726 et
968 3674 1093 3743 lingister
1108 3672 1203 3737 bonus,
1225 3671 1296 3741 quod
1322 3669 1513 3740 prophetarum
1539 3669 1703 3739 predixerat
1727 3669 1777 3723 li·-

127 3765 244 3818 dixeram
258 3778 268 3818 .·
286 3763 436 3819 Audivimus
450 3764 516 3817 lruuc
530 3763 626 3817 dixisse
640 3775 650 3817 .·
666 3761 775 3817 Possum
789 3763 918 3817 destrucre
968 3767 1037 3833 bris,
1062 3765 1214 3821 immanitas
1236 3764 1405 3819 euidentibus
1430 3763 1592 3818 monstrarit
1615 3762 1756 3830 exemplis.

128 3855 245 3926 ternplum
258 3858 307 3907 boc
318 3853 441 3925 (ibidem,
454 3852 510 3924 lb),
528 3863 580 3908 etc.
968 3856 1077 3911 Addidit
1087 3869 1193 3925 quoque
1208 3854 1381 3910 secretiorem
1398 3868 1506 3907 causam
1517 3866 1578 3922 qnoe
1593 3852 1661 3906 bene
1673 3866 1758 3906 cran-

161 3949 237 4001 l'ers.
253 3944 297 4002 il.
316 3944 496 3999 Retribuebant
511 3944 574 3999 asilu
589 3944 659 3998 oraio
673 3962 720 4015 pro
739 3946 828 4010 bottis,
842 3947 917 3999 steri·
966 3946 1050 4016 geiica
1073 3942 1247 3999 similitudine
1271 3951 1415 3997 reserator.
1443 3941 1511 3995 biett
1534 3940 1605 3995 eoim
1628 3940 1756 3996 Dominus

126 4041 220 4094 ιιίειειιι
237 4040 333 4093 animte
348 4054 419 4093 mccc.
440 4038 497 4093 Non
512 4038 597 4107 potuit
617 4039 716 4107 aliquid
736 4054 786 4093 noc
805 4039 929 4095 brettias
966 4036 1103 4107 atscfpotts
1123 4036 1199 4089 sais:
1220 4032 1352 4087 intrantes
1371 4043 1455 4086 autent
1477 4033 1504 4085 iu
1525 4032 1630 4084 domsou
1649 4031 1758 4086 solutae

126 4146 171 4185 nce
185 4131 335 4199 elegantius
353 4129 416 4183 dici.
434 4128 566 4184 Beneitcia
586 4129 691 4183 basuini
715 4138 845 4199 actusque
865 4129 914 4184 lu·
967 4143 1022 4181 eoru
1034 4126 1144 4180 diceutes
1156 4140 1165 4177 :
1178 4123 1236 4179 Pas
1250 4123 1417 4177 baicdomto'.
1429 4122 1492 4175 litai
1507 4121 1614 4191 quidem
1622 4122 1699 4190 snserit
1710 4123 1757 4175 do-

124 4222 242 4276 labrum
265 4220 378 4289 sinqulis
398 4229 460 4275 sunt
479 4220 648 4275 sermonibus
662 4220 809 4290 explicata,
829 4221 855 4275 id
874 4231 915 4276 est
966 4230 1022 4268 ntus
1034 4212 1078 4266 iiia
1092 4212 1272 4283 dipoo,ocuiet
1285 4220 1428 4283 parentes
1446 4225 1607 4281 superam
1622 4212 1758 4265 sin-autore

123 4314 190 4364 osma
200 4310 345 4377 probrum,-
358 4310 462 4366 scilicet
474 4311 535 4380 quia
551 4311 671 4365 dumille
685 4314 766 4364 vitam
781 4311 914 4367 credenti·
966 4333 1016 4371 uon
1031 4316 1106 4378 ierit
1120 4316 1208 4386 eliqua,
1230 4321 1375 4383 pernostra
1388 4311 1421 4364 usi
1439 4327 1481 4364 uos
1494 4317 1632 4364 revertetur
1648 4308 1755 4380 (blattis.

124 4400 172 4456 soe
190 4400 370 4466 morotum,
398 4399 442 4456 tot
467 4410 582 4455 mortem
606 4400 720 4456 reddere
743 4388 935 4465 noluemus*
966 4423 996 4472 x,
1014 4407 1058 4473 ta,
1075 4406 1131 4475 ts).
1146 4404 1220 4460 tatis
1234 4412 1275 4460 est
1288 4412 1316 4459 et
1331 4403 1380 4457 tsn
1396 4402 1482 4456 orosto
1495 4415 1554 4470 qne
1569 4399 1729 4454 tttotetmm
1741 4418 1755 4453 o

61 4502 64 4512 ·
122 4489 193 4558 qaod
208 4489 395 4544 retributionis
407 4503 494 4559 genus
505 4490 636 4546 malornm
649 4490 769 4546 omnium
783 4490 912 4560 probatur
926 4490 953 4550 D
966 4496 1089 4553 brutino.
1106 4497 1173 4551 llam
1187 4496 1250 4551 dom
1270 4508 1329 4549 eam
1349 4491 1523 4548 detestabiles
1537 4490 1622 4545 ludaei
1646 4492 1757 4547 asininos

122 4589 283 4635 esuemom.
300 4577 432 4635 sterilitas
443 4594 550 4650 qaoque
562 4582 655 4635 aoimoe
666 4580 726 4646 luit,
740 4580 848 4651 quando
858 4580 912 4636 lia-
965 4588 1104 4658 suscipere
1118 4594 1298 4652 mererentur,
1315 4584 1341 4637 iu
1358 4584 1416 4636 sinu
1430 4582 1499 4651 ejus,
1515 4582 1592 4635 idest
1612 4582 1636 4635 in
1652 4590 1757 4636 secroto

121 4671 206 4743 cister
220 4671 309 4728 boam
322 4672 349 4727 io
365 4672 430 4742 ipsis
446 4671 559 4729 iroctom
576 4672 637 4730 tidei
650 4674 770 4743 reperire
787 4688 840 4730 oon
860 4689 911 4746 po·
964 4679 1093 4750 pecteris,
1107 4664 1183 4733 oodo'
1193 4675 1279 4731 iuerat
1293 4687 1416 4745 egressa,
1433 4672 1579 4728 rerrteaboc
1596 4674 1623 4727 Si
1642 4673 1754 4728 coito-in

122 4765 187 4830 tait;
204 4777 257 4820 sec
270 4772 380 4834 pectora
393 4777 487 4820 eoram
502 4762 670 4820 credulitatis
682 4764 805 4835 germina
818 4764 911 4822 reddi·
964 4767 1118 4839 pectortbus
1131 4766 1226 4822 luisset
1239 4773 1362 4836 operata,
1378 4779 1431 4820 nan
1446 4777 1576 4818 canrosa
1591 4763 1693 4834 utiquc,
1707 4765 1754 4819 sod

122 4852 396 4924 δοκήμασι
406 4853 620 4925 stoporcdmsta
629 4852 912 4912 sausseauatotat
964 4859 1099 4917 diceretur
1112 4857 1211 4914 etiosa.

121 4959 152 5002 re
164 4944 261 5003 briter
273 4944 408 5001 ειιιιιειιι
420 4944 542 5002 addictos
556 4944 618 5002 late
631 4944 782 5014 sterilitati,
796 4954 825 5004 et
838 4947 866 5003 is
879 4948 912 5005 Ι·
1001 4950 1079 5007 Vera.
1099 4950 1145 5007 ii.
1167 4947 1240 5005 Sicut
1259 4947 1416 5018 monimum,
1430 4947 1501 5000 sicat·
1515 4949 1621 5016 botros
1640 4958 1756 5002 nostrum

122 5038 218 5095 salsa
230 5037 276 5094 iila
288 5037 446 5109 (emmetra
455 5037 535 5110 teste)
546 5038 696 5108 maledixit,
709 5039 736 5096 in
748 5054 800 5111 qua
809 5038 911 5097 irttctos
963 5040 1002 5098 ita
1011 5039 1210 5112 complacebam,
1219 5048 1342 5108 tauquam
1351 5039 1441 5110 lapsus
1451 5047 1475 5092 et
1484 5038 1651 5092 coutristatsts
1661 5039 1698 5092 sic
1707 5038 1756 5091 lta·

122 5130 232 5187 anniae
246 5144 300 5186 son
313 5129 412 5199 reperit
423 5128 519 5202 (darc.
531 5145 568 5197 st,
581 5131 636 5202 ib).
964 5132 1093 5188 miiiabar.
1106 5132 1242 5200 Quantum
1254 5129 1287 5186 ad
1298 5130 1478 5201 eloquentiam
1492 5129 1615 5185 Latinam
1629 5131 1752 5201 proximo

158 5221 236 5279 less.
245 5220 289 5278 lb.
299 5219 525 5292 decastemcsnt
534 5221 809 5292 obtutuum,
819 5223 910 5280 indae·
963 5235 990 5282 et
1000 5223 1076 5282 iratri
1090 5222 1288 5295 complacuisse
1302 5234 1351 5278 nos
1360 5220 1494 5276 dicimos:
1510 5220 1557 5277 sed
1574 5219 1618 5276 bic
1632 5228 1751 5276 mutatas

122 5315 180 5369 iate
193 5315 342 5371 eiecticia.
355 5312 473 5370 cilicises
492 5315 522 5370 dt
538 5328 572 5371 er
588 5313 672 5371 badis
688 5330 813 5387 asperum
829 5317 910 5392 110
962 5324 1004 5373 est
1014 5313 1151 5371 nominum
1161 5326 1258 5379 cassum
1274 5326 1323 5382 pro
1336 5310 1433 5367 dativis
1442 5309 1514 5368 enim
1527 5309 1673 5367 accusativi
1685 5319 1754 5369 sunt

121 5409 322 5478 setigerumque
342 5416 540 5476 tegumentum:
560 5407 605 5477 qui
620 5407 653 5462 sd
673 5407 768 5466 delicta
785 5409 848 5478 jure
867 5424 911 5465 re·
962 5404 1228 5478 postremosque
1249 5403 1347 5461 dicitur
1365 5401 1522 5472 antiptosis,
1546 5401 1654 5472 qnando
1672 5415 1752 5457 msus

122 5497 254 5562 ieroatsr,
266 5496 392 5567 quonism
407 5506 435 5552 et
452 5499 478 5551 in
495 5496 598 5567 judicio
617 5498 720 5553 bomini
736 5498 765 5554 in
786 5508 912 5571 peccato·
962 5514 1012 5571 pro
1021 5493 1491 5568 casopooitur.ilieitenimsicutde
1502 5495 1632 5565 precisus,
1643 5495 1752 5552 sieutds

122 5599 276 5658 catapano
291 5598 353 5644 som
367 5590 456 5659 positi.
473 5591 543 5659 bego
559 5590 704 5656 bominac,
718 5593 779 5662 qnia
799 5608 909 5650 carnem
961 5593 1042 5662 fratre
1052 5598 1151 5654 omero,
1165 5590 1201 5643 tta
1214 5586 1279 5652 milti
1294 5585 1499 5657 complectimur
1514 5585 1594 5642 idest
1608 5586 1642 5643 de
1656 5601 1751 5645 eorum

122 5683 224 5750 pcccati
239 5683 393 5753 assumpsit,
408 5681 520 5736 cilicium
534 5698 561 5737 se
574 5682 688 5738 ittdttissc
705 5694 909 5742 commemorat.
962 5679 1093 5738 allinitate
1102 5679 1265 5754 gaudebam,
1272 5677 1318 5750 qoi
1330 5693 1373 5736 me
1385 5677 1518 5737 hostiliter
1531 5679 1749 5755 insequebantur.
