3794 6128
133 311 180 367 tat
613 304 795 366 nxuosttm
814 305 847 360 tlt
866 301 1090 362 mandentum.
1111 302 1207 360 PSdL.
1228 301 1280 359 CV.
1711 305 1762 362 'lid

130 434 208 481 mum
219 421 336 493 lecimus.
352 419 439 476 Tanto
460 419 532 475 enim
549 419 733 489 unusquisque
744 416 858 473 celerius
871 416 921 471 ab·
935 411 1100 484 Aiussioois
1114 422 1166 478 est,
1181 422 1210 469 ut
1227 427 1322 484 parere
1337 411 1508 484 prevaleant,
1533 429 1592 485 quac
1604 415 1698 472 audire
1710 432 1764 474 non

130 515 257 580 solvitur,
284 521 384 583 quanto
405 526 419 565 u
447 510 594 580 semetipso
618 510 747 564 uiuaciter
769 507 920 563 damnatur.
974 516 1117 561 noverunt.
1131 506 1264 561 siccatum
1280 520 1354 561 mare
1365 520 1418 561 non
1434 520 1482 575 pro
1495 507 1668 565 universitate
1681 507 1763 566 debo-

129 608 198 675 Qute
212 607 297 678 ligura
322 606 422 661 dicitur
436 603 541 659 schesis
552 608 710 666 onomaton,
726 600 752 655 id
776 609 818 655 est
833 599 922 653 mrvlti·
973 612 1033 654 mus
1047 599 1182 667 accipere,
1196 599 1243 654 sed
1255 607 1356 654 tanturm
1368 606 1497 669 qnantum
1508 600 1561 657 illis
1575 601 1762 672 iteraperiret.

130 698 197 755 tudo
219 699 358 753 nominum
382 695 587 766 coniunctorum
609 691 722 747 divorsis
738 691 828 747 verbis
843 705 923 746 unam
973 688 1040 743 Nam
1069 690 1128 759 plus
1151 688 1214 746 iude
1240 691 1397 747 miraculum
1420 691 1470 747 luit
1496 702 1526 747 ut
1550 694 1628 749 riarde
1655 694 1762 764 liquidae

131 803 192 845 rem
214 786 435 859 signilicsntium.
452 785 499 842 list
524 793 552 840 et
567 783 621 839 alia
642 783 719 838 uobis
738 781 764 838 in
789 781 839 836 boc
865 781 924 836 loco
973 778 1072 834 excisis
1087 778 1217 835 lateribus
1238 780 1434 848 constitissent,
1459 795 1508 836 nec
1522 781 1620 839 buente
1635 783 1760 847 ditarent,

133 880 232 936 tradita
254 878 387 949 expositio
402 896 410 934 ι
425 876 486 948 quia
500 890 561 932 cum
576 873 724 944 maioribus
749 873 805 929 suis
819 882 923 943 peccat,
973 868 1020 923 sed
1036 869 1166 924 montium
1184 869 1297 939 quodam
1314 872 1439 927 lirvnitatc
1462 872 1651 928 consistorum.
1667 873 1759 943 &quti-

130 971 177 1042 qui
191 970 289 1026 delicta
302 970 401 1025 siuvilia
412 983 464 1024 nou
475 967 554 1039 361
568 965 696 1029 declinat,
712 963 760 1021 sed
771 963 865 1019 eadem
883 963 923 1017 la·
974 968 1025 1026 tur,
1042 969 1066 1014 ct
1076 960 1181 1014 deducit
1194 977 1237 1015 eos
1250 962 1278 1016 in
1291 961 1364 1032 eqrris
1376 962 1461 1017 inultis
1471 962 1537 1017 sicut
1551 962 1578 1017 in
1592 963 1701 1019 demuto.
1713 963 1761 1019 die·

129 1063 166 1118 oit
179 1075 241 1132 quae
255 1061 361 1131 priores
376 1074 441 1116 suos
455 1058 551 1115 iecisse
568 1056 722 1125 cognoscit:
740 1056 775 1110 ita
792 1045 880 1111 tanuen
895 1063 924 1109 ut
972 1057 1067 1105 seston
1081 1059 1122 1107 est
1136 1051 1251 1106 maaivne
1266 1051 1337 1121 quod
1352 1065 1479 1121 aquarum
1500 1052 1674 1109 inundatione
1684 1054 1761 1110 dese·

129 1167 146 1209 a
166 1154 283 1224 posteris
297 1160 389 1207 reatus
403 1151 540 1221 originalis
553 1150 667 1220 peccati,
683 1148 734 1204 uisi
750 1148 922 1219 pergratiam
973 1142 1051 1205 ritur,
1076 1152 1104 1199 ut
1124 1143 1226 1199 nullum
1242 1142 1277 1197 ibi
1291 1142 1390 1198 animal
1410 1144 1495 1213 possit
1509 1142 1630 1200 babitare
1644 1143 1761 1214 periculo

131 1242 239 1299 ὓιιιιίιιί
251 1258 304 1297 oon
320 1242 406 1311 possit
419 1240 537 1298 excludi.
973 1234 1102 1291 siccitatis
1111 1235 1238 1305 ingenito.
1249 1235 1343 1291 lirlucti
1358 1245 1420 1290 sunt
1432 1250 1497 1305 crgo
1508 1235 1612 1297 liebraei
1624 1252 1672 1307 per
1684 1239 1761 1310 abys-

167 1333 246 1389 teu.
261 1335 288 1389 'l.
305 1332 394 1387 Patres
409 1333 489 1388 nostri
511 1332 537 1387 in
552 1331 667 1406 AEpqpto
680 1346 731 1386 non
745 1334 924 1389 intellexerunt
973 1342 1033 1383 sum
1047 1337 1172 1399 tanquam
1188 1343 1236 1398 per
1253 1328 1312 1384 loon
1324 1328 1442 1399 desorto,
1460 1344 1519 1399 quac
1530 1329 1610 1385 nimia
1621 1332 1762 1387 sterilitato

130 1424 262 1479 nnslitio
287 1433 346 1488 tue,
372 1433 396 1478 et
415 1438 465 1477 nou
480 1426 585 1496 [meunt
607 1438 729 1477 memores
751 1424 923 1480 multitudinis
972 1420 1108 1476 siccantur
1122 1437 1130 1476 ι
1144 1421 1559 1492 ostendensquoniamsicaruit
1571 1423 1667 1477 illaria
1679 1424 1761 1479 diten-

130 1514 313 1570 ssisericordire
328 1524 388 1581 tuo,
410 1527 435 1569 et
455 1515 618 1569 incitauerunt
640 1514 802 1570 ascendentes
825 1517 852 1571 in
865 1515 921 1570 iiu-
974 1519 1072 1580 torum,
1089 1520 1118 1566 ut
1139 1525 1224 1582 usque
1249 1512 1282 1566 ad
1305 1512 1355 1567 itcr
1371 1512 1655 1584 potuissctpervonire
1672 1513 1762 1584 pulve-

130 1605 204 1661 lrrnss
216 1622 298 1661 more.
314 1606 372 1662 buo
383 1614 446 1662 sunt
455 1620 516 1676 quoe
528 1605 660 1662 benadcia
675 1605 772 1663 donata
786 1622 922 1667 commcn-
973 1618 1062 1659 rcum:

126 1697 206 1766 dant,
232 1699 389 1755 intellectus
411 1707 440 1754 ιι
462 1698 611 1764 memoria;
632 1699 704 1770 quod
727 1708 870 1769 utrumque
894 1700 920 1754 in
1011 1694 1086 1749 licrs.
1102 1693 1147 1751 to.
1163 1693 1197 1749 m
1211 1694 1328 1751 liberauit
1347 1710 1389 1750 eos
1410 1695 1443 1748 de
1465 1710 1542 1750 monn
1566 1695 1717 1760 odientium,
1738 1705 1762 1750 et

128 1788 241 1859 pertidia
255 1787 339 1846 luisse
348 1789 505 1859 denegatur.
519 1788 581 1843 Non
593 1790 784 1860 intellexerunt,
796 1791 922 1861 puicber·
938 1775 1079 1839 Bredeuvit
1101 1801 1143 1841 ecs
1157 1786 1189 1839 de
1210 1801 1289 1839 otono
1309 1784 1483 1840 inimieorum.
1499 1785 1625 1853 Quamvis
1647 1793 1720 1841 esset
1734 1793 1763 1841 el

124 1876 198 1934 rima
208 1876 345 1933 locmione
354 1879 487 1949 signatum
496 1888 548 1935 cst.
560 1879 693 1937 lidebant
702 1882 773 1938 enim
785 1881 920 1952 prestari3
974 1877 1026 1934 boc
1038 1878 1209 1945 benclicium,
1225 1878 1247 1933 si
1262 1893 1309 1935 eos
1324 1877 1358 1934 ds
1373 1879 1602 1949 potestatealieoa
1616 1879 1759 1946 liberaret,

123 1968 177 2025 sod
189 1984 242 2040 qoa
255 1984 336 2025 causa
349 1970 436 2039 lieret,
452 1985 506 2027 non
524 1971 557 2028 ab
571 1972 610 2029 eis
625 1973 788 2044 probabatur
802 1974 920 2046 agnosci.
973 1979 1062 2026 tamen
1078 1971 1153 2026 auxit
1166 1970 1285 2026 muueris
1298 1970 1474 2041 quantitatem
1488 1970 1613 2037 dicendo,
1636 1970 1669 2023 de
1682 1986 1761 2026 mono

123 2056 197 2113 iiam
208 2057 303 2116 decern
314 2060 398 2129 plagis
407 2064 526 2129 percussi
535 2069 598 2117 sunl
607 2061 737 2134 AEgyptii,
751 2071 779 2119 ut
789 2063 922 2134 Decaiogo
971 2059 1130 2126 odientium
1152 2061 1247 2130 quibus
1271 2061 1361 2131 utiquo
1392 2074 1503 2131 parcere
1531 2075 1585 2116 non
1617 2069 1758 2132 poterant,

124 2148 222 2206 tuturo
250 2150 424 2207 Hebraeorum
449 2168 515 2223 gens
537 2154 635 2210 devota
663 2155 788 2212 serviret.
813 2155 921 2211 Dimissi
972 2164 1038 2220 quos
1048 2151 1202 2207 immaniter
1212 2150 1385 2222 imponebant.
1397 2151 1547 2208 llorrebant
1560 2151 1639 2221 plane
1650 2160 1760 2223 propter

121 2247 196 2297 suut
213 2255 230 2295 a
255 2239 404 2308 Plraraona,
432 2250 461 2297 ut
484 2251 513 2299 et
538 2243 576 2298 iili
591 2245 775 2315 relinquerent
788 2246 921 2313 diabolum
972 2257 1039 2312 quos
1051 2249 1079 2298 ct
1092 2250 1179 2298 tantas
1193 2242 1284 2313 plagas
1298 2250 1482 2311 susceperant,
1497 2250 1524 2298 ct
1538 2257 1629 2297 rerum
1651 2258 1759 2299 stratum

121 2344 191 2386 ιιιιιι
205 2331 345 2387 ministris.
361 2330 415 2387 Sed
430 2331 468 2388 illi
482 2332 699 2405 carnaliterque
717 2342 792 2404 gesta
806 2345 867 2392 sunt
882 2337 921 2392 in·
972 2333 1119 2390 antissiono
1134 2334 1316 2404 privabantur.
1334 2332 1493 2404 intelligitur
1507 2335 1587 2389 ct²atn
1602 2333 1636 2390 de
1649 2335 1758 2404 conspi-

123 2428 256 2487 tuentcs,
280 2421 427 2492 spiritualis
452 2421 548 2493 gratim
570 2423 680 2480 minime
695 2426 804 2495 pretoria
823 2427 920 2493 quasi-
972 2436 1030 2483 rata
1045 2427 1196 2484 daemonum
1217 2427 1343 2493 cohorte,
1370 2441 1430 2496 quac
1446 2425 1590 2481 humanum
1614 2441 1698 2498 genus
1712 2426 1760 2483 sti·

125 2524 239 2569 rerunt.
264 2514 326 2570 Non
350 2516 455 2582 iuuant
477 2526 567 2574 autem
595 2536 718 2574 mensores
743 2521 922 2577 urisericordiee
972 2518 1045 2574 mulo
1057 2529 1224 2589 peccatorum
1238 2527 1265 2575 ct
1277 2518 1370 2573 oditct
1386 2516 1511 2587 percutit.
1527 2516 1664 2588 Sequitur,
1680 2526 1756 2572 etre-

124 2608 249 2676 ltomioi,
262 2609 370 2679 quando
382 2610 506 2666 ridaores
522 2610 669 2667 bivaraorvis
684 2613 830 2669 exercitum
844 2624 921 2670 note·
972 2609 1048 2664 demit
1061 2625 1105 2664 eos
1131 2610 1163 2663 tls
1176 2624 1255 2664 ornatu
1280 2609 1451 2663 inimicorum·
1469 2608 1525 2664 lloo
1547 2609 1570 2664 si
1594 2608 1627 2663 ad
1644 2608 1758 2665 litteram

123 2713 210 2769 maro
234 2713 308 2755 mare
328 2698 446 2755 Rubrum
467 2700 644 2771 divideretur,
658 2702 802 2759 credebaut
816 2719 845 2760 se
857 2720 921 2761 eva·
972 2701 1039 2757 reiis
1061 2701 1195 2771 accipere,
1209 2718 1261 2756 non
1284 2702 1390 2758 ridetur
1413 2716 1493 2773 posse
1507 2717 1670 2772 coagmere3
1686 2717 1758 2765 nam,

123 2788 212 2845 deum
227 2787 347 2845 subsidia
372 2790 536 2860 perdidisse;
559 2800 587 2850 ot
601 2803 694 2848 contra
717 2794 825 2865 lloysen
841 2797 921 2852 locuti
972 2798 1002 2847 ut
1017 2791 1146 2848 liberaret
1161 2792 1299 2858 liebraos,
1324 2793 1425 2848 nullum
1439 2793 1572 2865 AEgyptiis
1585 2794 1700 2864 pretium
1713 2794 1760 2850 de·

123 2889 194 2937 sunt
217 2881 318 2936 melius
346 2881 398 2937 sibi
427 2881 510 2938 luisse
536 2882 604 2939 duro
629 2883 768 2954 subjacere
796 2887 920 2955 servitio,
971 2883 1022 2946 dil,
1033 2884 1130 2955 quibus
1144 2884 1229 2952 magis
1242 2899 1290 2954 pro
1301 2898 1347 2939 sua
1362 2888 1530 2940 coutumacia
1543 2885 1679 2956 plagarum
1692 2885 1759 2940 dua

122 2985 210 3043 quam
225 2977 279 3026 tota
295 2986 360 3043 gens
375 2972 464 3042 perire
479 2971 612 3042 potuisset
629 2973 655 3027 in
671 2988 773 3031 cremo.
786 2975 848 3032 Post
864 2977 922 3033 baec
972 2976 1128 3047 geminavit.
1143 2975 1196 3032 Sed
1212 2975 1264 3031 boc
1283 2974 1430 3045 propitatio
1444 2975 1540 3044 spirtu
1550 2975 1651 3031 dictum
1664 2975 1759 3030 creda·

122 3076 300 3133 consequens
314 3063 378 3132 luit,
394 3073 423 3120 ut
444 3065 576 3119 irritarent
593 3064 735 3121 bominum
759 3069 922 3125 ostendentes
973 3080 1035 3124 mus
1059 3067 1093 3122 dc
1117 3066 1284 3136 temporibus
1306 3064 1477 3133 Christianis,
1504 3065 1609 3136 quando
1631 3065 1761 3121 Dominus

125 3150 157 3207 iss
166 3151 286 3207 naono
296 3168 377 3219 mere,
392 3144 500 3225 quando
510 3169 563 3210 non
575 3154 748 3212 crediderunt
762 3172 841 3228 posse
852 3158 921 3228 lieri,
935 3142 958 3206 C
975 3157 1097 3214 Salvator
1111 3165 1264 3228 peccatores
1287 3157 1418 3214 obnoxios
1436 3156 1557 3228 pretioso
1570 3157 1699 3228 sanguine
1711 3172 1760 3213 suo

125 3245 202 3317 qood
221 3247 282 3319 cios
303 3247 448 3304 audiebant
473 3249 697 3320 omnipotentiam
725 3251 857 3322 pollicari.
882 3251 920 3308 lta
972 3245 1101 3303 adiaboli
1116 3246 1228 3302 redemit
1240 3246 1363 3317 imperio.

128 3332 230 3391 motum
246 3344 299 3401 cst,
325 3344 355 3392 ut
382 3350 432 3393 nec
457 3336 639 3409 intelligerent
660 3340 785 3397 uirtutem
804 3341 918 3410 Domini,
1011 3336 1086 3393 licrs.
1103 3338 1146 3393 ll.
1164 3337 1198 3392 Et
1211 3339 1310 3406 operuit
1324 3355 1392 3408 aque
1405 3338 1555 3394 tribulentes
1575 3354 1637 3395 eos:
1651 3352 1760 3394 sntses

126 3439 181 3483 sec
202 3426 261 3497 ejus
286 3426 414 3483 beneficia
437 3428 536 3484 devota
559 3438 650 3486 mente
672 3431 828 3488 retineront.
848 3432 921 3491 Bene
972 3428 1009 3485 eis
1029 3443 1081 3482 ιιι
1102 3428 1234 3505 remansit.
1258 3426 1313 3482 iloc
1327 3427 1479 3499 quidemad
1494 3428 1607 3483 litteram
1621 3427 1757 3483 sinecdo-

128 3504 410 3587 sutempositumest,
425 3520 682 3592 irritmerunt,quasi
696 3537 744 3594 per
758 3524 918 3595 acquietum
973 3518 1101 3574 troversia
1119 3518 1225 3573 videtur
1240 3517 1362 3588 intelligi,
1391 3520 1453 3587 aquia
1475 3524 1538 3573 nota
1558 3527 1600 3574 est
1623 3519 1648 3572 in
1664 3517 1760 3575 Exodo

129 3614 212 3678 atque
238 3608 388 3678 placatum,
416 3610 551 3667 intensum
575 3621 604 3668 et
632 3612 788 3671 iracundum
812 3617 921 3674 sibimet
972 3617 1182 3667 commemorata
1196 3609 1352 3680 descriptio.
1368 3609 1467 3666 ilerum
1481 3625 1547 3665 unus
1561 3625 1592 3665 es
1611 3609 1761 3665 eisnonre·

129 3698 317 3755 reddiderunt.
329 3701 499 3758 descedentes
513 3692 606 3759 autem
625 3706 651 3758 lu
667 3702 781 3759 llulruns
791 3722 869 3773 oure,
880 3706 921 3763 di·
971 3703 1077 3771 nonsit,
1090 3717 1144 3758 oon
1155 3702 1188 3756 sd
1200 3701 1350 3758 universam
1361 3701 1547 3774 AEgyptiorum
1559 3710 1665 3774 gcntcm
1676 3703 1760 3773 respi-

128 3796 202 3845 etum
224 3797 330 3846 constat
342 3789 476 3862 positione
494 3801 627 3847 terrarum
643 3810 649 3845 :
666 3793 794 3864 quoniam
814 3795 919 3852 cunctis
971 3794 1020 3861 cit,
1035 3793 1084 3850 sed
1098 3802 1199 3848 tantum
1215 3793 1249 3848 ad
1274 3793 1473 3864 insequentium
1490 3794 1687 3851 multitudinem
1702 3803 1758 3851 ten·

128 3879 286 3951 regionibus
311 3881 445 3952 AEgyptos
468 3882 623 3952 perhibetur
648 3881 786 3951 brunvilior,
803 3894 831 3940 ιι
857 3886 919 3943 lndc
970 3881 1021 3949 dit,
1037 3895 1099 3953 quae
1113 3881 1152 3936 ibi
1165 3896 1250 3952 usque
1262 3882 1296 3936 sd
1315 3881 1457 3937 minimum
1471 3883 1600 3952 probatur
1614 3883 1757 3938 exstincta.

129 3966 299 4025 discedentes
312 3969 370 4025 loco
383 3979 474 4040 petere
485 3970 535 4026 visi
550 3979 612 4026 sunt
625 3970 731 4027 altiora.
970 3972 1243 4029 iiamanscrantonim
1252 3970 1488 4042 drAEgyptiis,qui
1497 3973 1652 4027 letsrcrvtur
1662 3971 1688 4026 in
1699 3986 1759 4040 pro-

166 4058 244 4115 lers.
271 4060 299 4116 8.
326 4059 360 4114 lit
374 4061 542 4118 lileroeiteos
562 4071 664 4136 propter
678 4080 865 4135 numanum,
891 4080 919 4126 ut
969 4063 1084 4121 lectione
1107 4076 1213 4128 eorum,
1239 4063 1309 4118 sicut
1334 4063 1361 4117 iu
1385 4062 1488 4133 psalmo
1513 4063 1651 4132 superiore
1670 4063 1757 4120 disit:

128 4160 217 4206 sotcsn
230 4153 324 4224 iaceret
346 4155 485 4222 potentiam
507 4172 591 4211 suom.
608 4156 736 4226 biennio,
751 4170 853 4231 propser
873 4178 919 4217 ii.
969 4152 1068 4210 delato
1075 4159 1114 4208 est
1129 4149 1260 4223 AEqpptns
1273 4151 1300 4206 iu
1313 4150 1469 4225 proiectione
1483 4167 1586 4221 eorum·
1601 4150 1648 4207 scd
1660 4150 1698 4207 illi
1709 4151 1758 4207 sci-

128 4256 185 4295 ·ess
199 4258 286 4308 susm,
300 4243 443 4316 designare
458 4245 523 4300 mibi
548 4246 655 4303 videtur
669 4247 810 4305 bominum
823 4250 917 4306 Salsa·
971 4246 1034 4304 iicet
1047 4247 1092 4319 qui
1108 4248 1134 4301 in
1147 4260 1211 4302 casu
1224 4244 1305 4300 simili
1320 4257 1374 4299 non
1386 4242 1501 4299 luerunt.

127 4342 225 4403 lorcam
240 4337 316 4406 cuius
328 4338 456 4395 vocabulo
466 4340 593 4396 conuenit
604 4340 709 4399 salvare
721 4343 914 4412 periclitantes.
1008 4339 1086 4396 vers.
1103 4337 1146 4392 li.
1164 4337 1199 4393 Et
1214 4337 1377 4393 erediderunt
1395 4337 1423 4391 in
1435 4337 1591 4409 antinoios,
1602 4344 1626 4390 et
1638 4343 1757 4391 retulere-

127 4426 200 4485 lieus
212 4430 286 4484 enim
310 4430 418 4502 quando
433 4431 530 4488 liberat
544 4441 713 4504 peccatores,
730 4451 784 4491 non
808 4446 916 4508 propter
968 4440 1030 4485 runt
1045 4429 1133 4484 leudes
1147 4430 1213 4501 ejus.
1226 4427 1289 4484 Post
1302 4427 1458 4485 miraculum
1471 4427 1525 4484 talo
1538 4427 1661 4495 diceudo,
1675 4428 1757 4482 eredi-

125 4517 224 4575 merita
237 4534 330 4576 eorum
354 4530 473 4591 prestat,
493 4523 540 4579 sed
556 4533 665 4596 propter
679 4528 795 4583 nominis
814 4529 855 4584 soi
870 4543 916 4600 pn-
930 4524 957 4585 Ι)
969 4523 1073 4588 meent,
1098 4519 1221 4576 duritiam
1237 4519 1325 4576 cordis
1347 4520 1524 4592 demonstrat,
1544 4520 1614 4592 quod
1628 4537 1681 4576 oon
1695 4529 1757 4576 arvtc

125 4606 238 4665 maiam
250 4609 501 4679 demonstrandam
517 4622 546 4670 ut
560 4616 618 4684 pius
628 4616 768 4673 evidenter
777 4628 915 4689 appareat,
971 4622 1096 4669 euentum
1108 4613 1158 4675 rei,
1173 4612 1219 4667 sed
1235 4618 1296 4682 post
1309 4610 1433 4666 ellectum
1445 4612 1636 4667 miraculorum
1647 4611 1758 4668 credere

123 4698 305 4758 siimmeritis
316 4703 445 4761 beuelicia
461 4705 534 4777 larga
547 4707 687 4763 concedat.
702 4708 779 4777 Quod
794 4711 865 4766 cuim
876 4712 917 4766 di·
971 4705 1131 4762 maluemnt.
1148 4704 1214 4760 llam
1234 4703 1285 4760 etsi
1306 4703 1403 4759 bonum
1420 4704 1456 4758 sit
1476 4703 1542 4758 risis
1554 4703 1635 4758 robus
1650 4706 1756 4773 acquie-

123 4790 174 4859 ιιι.
189 4800 278 4847 notem
299 4793 359 4864 feeit
373 4797 513 4867 petendum
528 4814 613 4867 snam,
629 4813 684 4853 non
698 4800 849 4856 cartvalibus
864 4801 917 4856 uti·
969 4815 1057 4870 scere,
1083 4800 1169 4855 mrtlto
1194 4798 1290 4855 melius
1314 4797 1445 4870 promissa
1470 4796 1626 4863 credidisse,
1642 4797 1711 4851 sieut
1732 4798 1758 4850 in

124 4884 284 4955 qssooulis,
299 4885 346 4942 sed
356 4886 489 4957 spirituaii
500 4889 662 4960 cogitatione
671 4888 833 4948 videntibus.
849 4893 915 4947 Nam
969 4888 1114 4960 Evangelio
1126 4887 1238 4944 ihomas
1250 4887 1332 4943 dicit:
1350 4886 1416 4952 Quin
1429 4886 1514 4941 uidisti
1525 4884 1655 4939 credidisti
1669 4900 1678 4937 .·
1692 4885 1759 4938 lenti

126 4974 150 5033 si
162 4975 288 5033 omuibus
298 4987 385 5033 notum
397 4978 507 5050 iecisset,
522 4991 689 5049 nequaquam
705 4978 788 5036 durus
802 4983 916 5052 populus
969 4981 1013 5051 qui
1025 4997 1077 5036 nen
1090 4980 1208 5036 uiderunt
1221 4988 1247 5035 ιι
1256 4978 1418 5033 crediderunt
1431 4977 1524 5044 (loco.
1538 4991 1584 5044 ιι,
1600 4975 1658 5046 29).
1682 4975 1757 5044 Qvtml

125 5068 362 5127 &incredulitate
376 5080 524 5140 peccasset.
968 5087 1033 5129 sero
1047 5071 1159 5137 addidit,
1174 5079 1198 5126 et
1210 5078 1377 5125 cantaverunt
1387 5069 1477 5123 leudes
1490 5069 1557 5138 ejus,
1580 5066 1708 5138 bgmoum
1723 5066 1760 5119 si-

164 5159 240 5218 icrs.
255 5161 282 5217 o.
301 5159 335 5217 Et
348 5162 487 5232 increpavit
501 5177 572 5217 saure
584 5160 710 5230 Rumam,
724 5172 749 5218 et
761 5165 915 5220 exsiccatum
968 5163 1078 5235 gotlmt
1097 5162 1182 5219 Exodi
1205 5159 1251 5232 qui
1273 5161 1312 5215 ait
1327 5176 1335 5215 ι
1351 5159 1487 5215 Cantemus
1505 5156 1628 5222 Domino,
1651 5154 1759 5226 gloriose

124 5252 181 5315 ssi:
190 5256 215 5305 sl
230 5248 336 5303 dedomo
351 5264 393 5304 eos
404 5250 430 5303 in
442 5249 516 5319 equis
529 5249 616 5303 multis
632 5248 698 5304 sieut
712 5249 738 5303 in
749 5251 859 5305 deserto.
873 5251 915 5306 lu·
968 5254 1037 5310 enim
1059 5252 1242 5321 honorificatus
1261 5258 1298 5308 est
1310 5249 1411 5323 (ldsed.
1433 5264 1478 5314 ar,
1494 5247 1532 5320 l),
1546 5256 1574 5302 ct
1585 5255 1681 5301 caetera
1698 5261 1758 5313 qum

126 5340 308 5411 mpstiouem
324 5340 427 5396 romvit
440 5341 574 5396 occultum
587 5339 740 5397 Divinitatis
754 5341 914 5410 imperium:
969 5346 1098 5404 lichinus
1120 5345 1233 5416 popolus
1255 5353 1364 5416 peracto
1389 5341 1520 5398 miraculo
1543 5354 1638 5411 magns
1664 5340 1756 5394 eiiii.

126 5430 187 5503 qais
208 5446 284 5488 mare
297 5432 325 5488 in
341 5433 433 5488 lisodo
459 5447 526 5488 voce
543 5432 648 5490 Domini
672 5447 802 5504 nusquam
818 5434 915 5505 legitrrr
968 5436 1072 5494 tatione
1086 5438 1218 5503 cantavit,
1234 5437 1304 5492 sicot
1320 5436 1346 5491 in
1360 5436 1428 5492 tituli
1438 5432 1608 5505 expositione
1619 5441 1756 5487 narratum

125 5522 300 5597 baepstum.
316 5525 378 5598 Agit
388 5527 461 5583 enim
476 5525 522 5581 iiie
536 5525 648 5582 occultis
663 5526 779 5582 motibus
789 5526 914 5582 universa
965 5535 1019 5586 est.

124 5628 182 5687 qum
196 5617 329 5689 praecipit,
349 5624 376 5672 et
389 5616 466 5688 quasi
481 5616 515 5671 ad
538 5615 677 5673 audientes
700 5616 829 5687 loquitur,
853 5631 913 5687 quac
1004 5618 1080 5676 vers.
1095 5618 1139 5675 ib.
1152 5617 1209 5674 lito
1223 5616 1349 5687 iecerunt,
1369 5626 1394 5672 et
1413 5616 1483 5671 obliti
1496 5626 1670 5687 contepescat
1683 5618 1757 5689 ejus:

123 5720 232 5767 ιιιιιιιιι
252 5725 304 5766 ttott
320 5708 417 5767 babent
441 5708 607 5766 attributum.
622 5709 707 5766 Tanta
731 5709 803 5765 cniru
826 5708 912 5767 virtus
967 5726 1019 5767 non
1045 5710 1219 5766 sustinuerunt
1246 5708 1383 5765 corasiliuns
1405 5712 1470 5783 eius.
1496 5709 1575 5767 Venit
1597 5708 1631 5765 sd
1652 5710 1757 5765 tertiam
