3794 6128
130 264 195 319 idid

563 267 606 322 ul:
625 265 863 325 tasltlllslubtt
884 266 1071 324 litltxrltttllt
1093 264 1326 325 billeuattblt.

1692 276 1761 338 ttssd

124 375 248 431 stacioni
262 377 363 431 seruire
377 375 517 447 dlsposito.
535 375 571 430 ,Ε
587 377 613 432 in
628 377 683 433 due
696 377 814 433 adverbii
838 375 921 448 548
938 381 961 440 Α
976 378 1100 446 posituras
1114 394 1161 435 seu
1185 389 1293 450 puncta,
1317 381 1393 452 quasi
1416 383 1536 453 quadam
1552 385 1603 440 tiae
1616 395 1680 442 sunl
1700 402 1762 444 sera·

124 480 179 520 non
202 466 400 537 relinquam-te
427 470 522 524 ilerum
548 469 623 524 casui
640 470 758 540 genitivo
782 483 835 523 uon
859 471 922 522 sub-

121 556 230 627 lraias.
265 560 346 615 llulta
379 560 461 616 etiam
493 571 615 633 respectu
644 562 787 631 euplauniae
813 571 922 631 propter

126 640 321 719 ubsepaentes
346 651 450 708 litteras
475 653 863 721 probabiliterimmutamus,
893 661 922 705 ut

125 738 302 807 illumiaatio,
319 741 420 802 irrisio.
448 741 630 807 iuunutabilis,
646 741 754 810 iuapius,
774 743 921 813 iauprobus.

128 827 152 884 G
174 830 485 887 litteraauanarratione
508 833 570 888 tolle
592 832 770 902 superfluam
801 846 817 885 a
839 846 923 901 gataro

127 925 213 991 euim,
229 925 255 980 id
271 936 311 978 est
322 926 391 980 scitu
402 941 450 980 scu
466 925 640 994 perito,reaait
655 924 769 979 nominis
783 924 832 978 isla
846 938 920 978 cram·

130 1019 200 1087 posit
211 1035 238 1074 o.
262 1020 348 1087 Quaaad,
362 1036 423 1074 curu
444 1034 590 1088 pronomen
612 1028 663 1083 est,
681 1033 728 1087 per
741 1019 769 1080 d,
785 1033 838 1072 raon
852 1026 922 1086 pert

129 1111 265 1178 litteram3
280 1126 340 1165 cnm
354 1126 417 1167 tero
432 1111 587 1165 adverbium
601 1109 705 1164 numeri
718 1119 770 1178 cst,
785 1122 833 1178 pcr
854 1108 921 1163 tlit·

131 1211 234 1269 teram,
247 1217 300 1256 uon
315 1218 363 1270 per
375 1203 392 1255 d
404 1200 572 1257 scribendum
586 1209 627 1254 cst
650 1200 809 1269 Quicquam,
836 1201 921 1267 magis

131 1293 160 1347 iu
183 1294 267 1363 prima
280 1294 382 1364 syllaba
399 1311 412 1346 c
431 1292 582 1362 ponendum
602 1301 644 1347 est
662 1307 741 1363 quam
759 1290 794 1359 d,
816 1302 925 1361 propter

132 1383 314 1452 euphoniam,
339 1400 417 1452 quana
441 1383 610 1452 praecipimur
629 1382 716 1452 sequi.
737 1380 805 1448 patu
832 1378 922 1450 plural

132 1476 279 1530 secundum
305 1479 410 1547 regulas
424 1478 651 1548 artigraplaornm,
669 1492 728 1546 qua·
743 1487 833 1532 lamen
858 1484 922 1530 sarrit

131 1567 299 1621 eratentlanrla
324 1582 459 1635 percurre,
482 1583 517 1623 rae
539 1566 685 1622 articulatae
708 1569 782 1622 vocis
807 1566 918 1637 pulclara

133 1663 289 1726 tutadulaliu,
302 1664 448 1733 peregrinis
457 1662 552 1719 litteris
561 1662 704 1728 maenidia,
716 1662 816 1716 absonat
830 1658 920 1728 potius

134 1767 164 1812 et
185 1757 315 1813 itulecora
337 1757 476 1816 reddatur.

173 1849 378 1920 parting-aptans
393 1849 499 1915 priscos
515 1849 674 1918 frequenter
685 1848 864 1919 relegemus
875 1859 926 1918 ego

135 1939 253 1993 irainrins
270 1943 348 1996 tirnaio
364 1941 514 2012 trigesimo,
528 1942 575 2013 qui
590 1941 624 1998 do
638 1941 800 2010 antiquariis
814 1939 924 2012 legitor,

133 2036 243 2095 parapter
265 2030 385 2084 notitiam
410 2033 581 2088 librariorum
606 2034 707 2088 utiliter
726 2033 922 2092 instruendam,

131 2117 303 2175 deflorandos
317 2135 377 2176 esso
390 2122 518 2192 iudicari,
541 2136 569 2180 et
591 2126 759 2180 extrinsecus
774 2125 836 2179 buic
854 2124 923 2179 libro

132 2207 168 2263 tie
181 2209 378 2282 orthographia
393 2215 498 2270 titulum
512 2217 585 2272 dedi.
597 2217 634 2271 lta
647 2218 758 2287 contigit
773 2227 840 2271 utet
853 2215 923 2271 istud

131 2302 253 2357 audium
268 2305 353 2374 prosit
376 2307 476 2376 legere,
492 2307 537 2361 ulti
558 2309 768 2377 cognoscitque
784 2308 811 2361 iu
831 2307 921 2375 Scrip-

136 2395 204 2448 turis
227 2395 327 2451 sauciis
342 2397 452 2451 minime
466 2398 562 2454 debeat
578 2399 693 2464 uiolare;
710 2409 737 2453 et
751 2398 815 2453 illud
832 2411 925 2454 ueces-

133 2486 208 2540 sarin
221 2485 299 2541 latitas
314 2486 436 2552 discitur,
451 2488 494 2542 ubi
508 2490 669 2557 geueraliter
686 2499 847 2559 praesumpta
863 2489 924 2541 vitia

133 2575 313 2644 corrigantur.
328 2579 442 2644 Quodsi
457 2589 546 2633 tamon
556 2579 645 2648 aliqua
662 2580 742 2633 rerba
755 2578 926 2648 reperiuntur

132 2665 252 2723 absurdo
274 2671 370 2738 posita,
393 2681 438 2724 aut
462 2684 494 2726 es
519 2671 560 2725 bis
583 2669 721 2726 codicibus
741 2683 808 2738 quus
833 2669 926 2722 beatus

138 2756 314 2829 llieronyauua
346 2761 372 2813 iu
394 2762 513 2816 editione
543 2760 714 2832 Septuaginta
746 2759 924 2828 interpretum

134 2850 307 2916 cartenitano,
335 2853 377 2906 vel
404 2869 472 2924 quos
498 2853 555 2922 ipse
582 2868 616 2909 ex
640 2852 753 2906 liobrao
780 2850 925 2914 transtulit,

136 2941 270 3012 intrepide
281 2946 437 3014 corrigenda
451 2955 528 3012 suaal;
544 2954 600 3009 aul,
622 2946 692 3000 sicut
710 2945 802 2999 beatus
824 2947 927 3012 Augus·

139 3030 212 3087 tinus
236 3037 287 3100 ait,
314 3048 465 3092 recurratur
489 3037 521 3091 ad
550 3037 672 3092 dranum
696 3035 862 3105 pandecten,
882 3035 927 3105 qui

975 483 1064 536 suum,
1080 480 1106 525 et
1122 471 1222 526 lumina
1235 472 1395 540 dictionum,
1411 488 1471 544 qum
1483 476 1522 530 sic
1535 476 1649 532 lectores
1660 479 1763 537 dociles

975 558 1085 626 iaciunt,
1099 570 1224 631 tanquam
1236 563 1258 616 si
1270 562 1425 618 clarissimis
1435 563 1631 635 expositoribus
1641 568 1763 624 imbuan-

975 663 1027 703 tur.
1046 650 1133 704 Prinna
1146 662 1187 706 ost
1207 653 1304 717 media,
1328 654 1444 709 secuuda
1469 655 1668 722 subdistinctio,
1684 662 1761 714 tertia

975 739 1068 807 plena3
1080 756 1145 810 quas
1154 756 1168 793 a
1177 742 1321 811 anajoribus
1334 746 1432 798 uostris
1444 744 1503 800 ideo
1513 755 1617 802 constal
1631 749 1762 815 inventas,

975 837 1004 882 ut
1024 831 1133 898 spiritus
1159 832 1234 902 longa
1256 834 1373 889 dictione
1397 833 1531 905 fatigatus,
1544 839 1614 894 uires
1632 856 1694 896 suas
1714 858 1763 913 per

975 919 1058 987 spatia
1081 920 1195 977 discreta
1219 922 1294 995 [ed.,
1318 924 1442 996 decretal
1465 940 1625 986 resumeret.
1650 930 1720 998 Quat
1736 935 1758 988 si

975 1010 1062 1066 mauis
1075 1011 1187 1081 cupidus
1206 1012 1291 1068 lector
1306 1029 1461 1085 agnoscere,
1483 1016 1614 1075 Donatum
1626 1021 1695 1091 lege,
1716 1028 1761 1092 qni

976 1110 1002 1156 te
1014 1101 1099 1171 possit
1114 1103 1147 1157 de
1163 1102 1212 1157 laac
1231 1119 1260 1159 re
1282 1104 1355 1159 broni
1376 1108 1535 1177 compendio
1559 1111 1699 1182 diiigenter
1722 1117 1763 1167 iu-

975 1203 1090 1248 struere.
1116 1194 1168 1249 lias
1191 1195 1321 1252 dictiones
1342 1197 1368 1253 in
1387 1198 1516 1254 Psalterio
1540 1202 1685 1275 arclaetppo
1712 1222 1762 1261 nos
1843 1239 1848 1251 ·

977 1286 1098 1352 posuisse
1112 1287 1267 1355 retinemus,
1283 1289 1361 1359 cujus
1374 1290 1550 1350 obscuritates
1565 1295 1660 1349 talibus
1675 1312 1763 1353 retrae-

975 1377 1027 1432 diis
1041 1393 1072 1432 ea
1087 1381 1200 1434 maxima
1225 1390 1310 1449 parte,
1335 1382 1449 1437 briantino
1463 1394 1619 1454 prestante,
1634 1388 1763 1444 lucidari-

976 1485 1045 1525 mus.
1079 1468 1116 1524 ita
1142 1473 1310 1540 septenarius
1339 1488 1466 1532 uumerus
1488 1478 1523 1530 ab
1548 1492 1660 1549 utraque
1686 1494 1761 1552 parte

975 1562 1125 1631 completus
1147 1571 1199 1629 est,
1216 1575 1244 1618 ut
1268 1581 1281 1616 a
1304 1565 1400 1634 quibus
1415 1567 1496 1623 relius
1517 1571 1709 1640 abstineamus,
1732 1587 1762 1630 et

976 1671 1043 1732 quas
1060 1656 1137 1718 resin
1148 1659 1306 1720 atrcluritale
1317 1658 1461 1719 emendate
1473 1676 1664 1735 praesumamus
1681 1669 1762 1738 (sicut

938 1751 1078 1821 Bopinor)
1092 1753 1228 1809 erirleater
1242 1765 1377 1823 appareat.
1392 1756 1466 1822 Quod
1481 1757 1503 1811 si
1515 1769 1603 1813 taaaaen
1619 1765 1669 1815 brac
1686 1761 1759 1817 desi·

976 1844 1078 1897 deriuan
1090 1844 1142 1897 alio
1153 1845 1232 1897 murlo
1245 1846 1360 1914 potuerit
1370 1844 1501 1915 adparari,
1515 1849 1654 1917 aaljicialur
1663 1853 1760 1909 studiis

974 1934 1079 1995 restris.
1095 1948 1129 1989 ne
1140 1948 1214 1989 naore
1226 1934 1398 1990 baamauitatis
1409 1950 1457 1991 uos
1467 1937 1565 2006 aliquid
1578 1942 1758 1998 necessarium

975 2025 1180 2095 praetermisisse
1192 2025 1339 2081 videamur.

1010 2115 1085 2170 Nunc
1102 2116 1328 2186 quemadmodum
1348 2125 1424 2172 ostra
1445 2122 1627 2177 tauctoritatem
1643 2124 1760 2194 reliquas

974 2205 1105 2261 lectiones
1118 2207 1263 2261 debeamus
1285 2211 1440 2273 emerulare,
1456 2210 1597 2269 diceadum
1611 2226 1660 2269 est.
1677 2217 1758 2275 Com·

976 2299 1103 2353 monteria
1114 2297 1181 2369 legis
1191 2299 1300 2366 divitiae,
1310 2301 1449 2370 epistolas,
1461 2317 1610 2372 sermones,
1623 2309 1760 2379 librosque

976 2374 1124 2458 priscorum
1138 2393 1321 2460 uuusquisque
1334 2394 1491 2448 emendatur
1504 2398 1543 2451 sic
1554 2401 1632 2467 legat,
1648 2411 1677 2455 ut
1698 2420 1759 2460 cnr·

976 2482 1110 2537 rectiones
1116 2495 1208 2535 eorum
1222 2484 1353 2552 magistris
1365 2489 1676 2546 ooaasooietsaaulariauu
1689 2497 1760 2551 litto·

976 2588 1076 2629 rartuu.
1115 2573 1148 2628 Et
1180 2575 1332 2642 ubicunque
1356 2592 1567 2647 paragrammata
1598 2585 1624 2638 iu
1651 2587 1761 2644 disertis

977 2663 1129 2719 bominibus
1141 2674 1244 2732 reperta
1268 2667 1377 2733 luerint,
1400 2669 1545 2736 iturepidus
1558 2675 1652 2731 vitiosa
1672 2693 1762 2735 aeonp.

977 2756 1063 2827 rigat:
1077 2758 1203 2824 quoniam
1226 2756 1276 2810 uiri
1290 2758 1435 2827 supradicti
1449 2762 1488 2815 sio
1503 2763 1571 2817 dicta
1586 2781 1633 2819 sua
1648 2782 1762 2839 compo·

977 2847 1064 2901 scisse
1082 2846 1208 2900 credrudi
1223 2856 1296 2913 sunt,
1321 2856 1351 2902 ut
1377 2851 1481 2920 regulas
1502 2854 1567 2908 artis
1580 2862 1763 2924 grarnanatlcas

977 2951 1043 3005 quas
1069 2936 1237 3003 didicerant,
1264 2953 1296 2992 cu
1313 2938 1423 2995 torliisse
1443 2940 1605 3009 judicentur.
1634 2947 1762 3018 Epistulae

978 3042 1086 3100 quoque
1098 3027 1222 3093 Patrum,
1243 3044 1381 3085 sermones
1394 3039 1421 3085 et
1434 3033 1493 3086 libri
1511 3034 1691 3107 diuersurum,
1711 3057 1762 3100 nee

137 3137 247 3178 oannem
263 3125 270 3178 l
289 3142 347 3196 gem
363 3127 479 3184 diuinam
500 3128 663 3196 dignoscitur
686 3127 826 3182 continere
844 3126 925 3183 colte-
939 3120 962 3183 C
978 3133 1031 3174 111111
1059 3128 1087 3174 (11
1109 3120 1241 3184 immistis,
1265 3121 1306 3175 111
1328 3136 1388 3176 111111
1415 3124 1549 3181 taareaicia
1572 3129 1762 3190 altereationes

141 3225 231 3279 ,pann
255 3218 295 3271 ,eq
311 3220 406 3287 quibus
430 3220 558 3287 pngsggqg
581 3217 673 3285 suem,
695 3215 834 3271 flegma„
858 3215 927 3269 θοή.
979 3209 1097 3265 lidalinna
1122 3211 1264 3281 (quoniam
1290 3212 1395 3267 diversa
1418 3216 1475 3269 loca
1501 3215 1646 3287 Scripturas
1666 3223 1763 3282 divinos

143 3321 161 3375 p
174 3322 259 3377 uram,
277 3310 319 3365 ael
333 3311 392 3377 ejus
405 3312 528 3368 doctores
542 3311 677 3380 roqnirere
692 3324 745 3364 non
768 3307 926 3364 detrectent.
978 3302 1096 3359 suaviter
1108 3316 1141 3357 ao
1164 3303 1306 3372 diligenter
1329 3304 1463 3376 aperimur)
1477 3322 1572 3378 magau
1586 3313 1675 3369 studio
1692 3317 1764 3373 sele·

140 3397 225 3455 lie-cet
235 3402 306 3456 enim
319 3411 348 3457 ut
359 3403 428 3458 unde
441 3405 473 3457 ad
489 3417 538 3458 uos
552 3404 625 3458 uenit
635 3401 760 3458 salutaris
775 3399 926 3466 translatio,
977 3405 1092 3466 gantur;
1107 3406 1240 3466 quatenos
1261 3398 1286 3450 in
1302 3396 1422 3453 Ecclesia
1438 3398 1540 3456 uantur
1563 3405 1639 3473 quasi
1654 3408 1764 3476 quibus·

140 3490 205 3546 inde
219 3493 315 3548 iterum
338 3495 431 3552 redeat
451 3494 548 3552 deeora
568 3495 711 3550 correctio.
739 3494 835 3550 lierito
855 3494 928 3548 etaim
978 3488 1042 3544 dam
1057 3486 1223 3556 lampadum
1237 3495 1423 3553 ⁰⁰ffil0i0¹¹¹⁶r
1444 3493 1575 3558 accensis,
1598 3504 1682 3552 10111111
1696 3500 1764 3555 uiti·

141 3583 261 3651 pambas
286 3587 386 3641 nostris
409 3587 443 3641 do
465 3588 514 3641 bac
530 3602 560 3642 ro
581 3590 698 3639 maxima
722 3598 787 3638 cura
811 3583 872 3649 luit,
896 3598 929 3638 ne
979 3577 1614 3658 dum,totumsplendidum(Dominoprastaute)
1623 3589 1763 3648 colluceat.

141 3675 231 3728 aoaaica
247 3676 351 3730 llomiui
367 3677 523 3743 Sala-aroris,
537 3692 614 3747 quam
630 3675 786 3732 truculentis
798 3676 929 3730 militibus
978 3671 1008 3726 Si
1022 3673 1085 3741 quid
1097 3682 1185 3726 tarraco
1202 3675 1228 3724 ln
1241 3673 1281 3726 eis
1293 3671 1327 3725 ad
1341 3672 1494 3741 Scripturas
1505 3675 1611 3734 tliultaas
1624 3695 1763 3749 exponen-

139 3764 267 3821 scindere
290 3783 342 3821 nan
357 3770 440 3835 licuit,
468 3771 612 3826 lectoribus
627 3769 764 3838 saalaiaocat
787 3767 927 3835 imperitis.
978 3763 1029 3818 das
1057 3761 1222 3818 conranleus
1253 3762 1407 3829 iuvenitur,
1432 3780 1485 3818 aaou
1508 3767 1636 3826 dubitetis
1661 3775 1765 3829 sociare

138 3854 241 3911 saciat
262 3857 376 3922 Spiritus
395 3867 502 3913 sanctus
523 3859 704 3914 sincerissima
729 3872 789 3924 quaa
806 3857 926 3920 donarit,
979 3851 1161 3908 columinibus
1182 3850 1290 3919 diuinis,
1311 3852 1382 3908 siem
1403 3863 1430 3908 et
1445 3870 1494 3908 nus
1510 3856 1535 3909 in
1560 3858 1636 3914 libris
1661 3861 1763 3932 llegrana

139 3942 254 4007 recipiat
268 3944 313 3999 ille
325 3947 400 4000 beata
414 3962 473 4017 quae
485 3946 609 4002 coumlit.
624 3946 698 4000 Tunc
712 3959 760 4000 uo,
774 3944 868 4000 lideles
878 3945 928 3999 sibi
980 3947 1078 4002 iecisse
1091 3944 1290 4015 cognoscimur.
1306 3943 1388 3999 llults
1398 3945 1471 3999 euim
1489 3947 1686 4013 reperiuntura
1702 3967 1765 4022 pao-
1853 3964 1860 3971 ’

139 4046 203 4089 esse
224 4037 372 4104 cognoscit,
389 4038 412 4092 si
434 4037 504 4093 dicta
520 4038 603 4107 ipsias
627 4037 696 4091 naalia
719 4041 929 4106 presumptione
980 4039 1126 4096 baua-imis
1139 4035 1293 4092 bominibus
1305 4049 1354 4103 per
1369 4037 1537 4092 accessionem
1550 4040 1661 4098 alterius
1674 4048 1764 4114 operta

138 4138 293 4192 carpamus.
310 4126 375 4182 llam
393 4128 615 4198 quemadmodum
632 4131 729 4185 salvari
745 4131 879 4194 nolumus,
903 4131 925 4185 si
980 4131 1059 4188 latias
1073 4131 1108 4186 de
1119 4128 1277 4192 librisdicta
1289 4127 1397 4194 divinis,
1410 4131 1630 4196 queaaaetorttatt
1642 4133 1764 4191 videlicet

139 4220 189 4286 (qu
208 4216 224 4270 d
239 4217 311 4272 duta
325 4218 399 4274 celas
412 4228 463 4289 est)
477 4220 626 4276 remedium
641 4221 759 4277 salutare
773 4235 822 4290 pro
838 4231 930 4275 anostra
980 4238 1064 4280 sacre
1080 4227 1266 4290 competenter
1276 4227 1410 4287 aptantur.
1424 4217 1500 4274 llude
1508 4219 1639 4288 supplico,
1653 4233 1683 4278 ut
1692 4227 1764 4292 quod

139 4309 277 4365 catenate
290 4312 510 4378 corrumpamusi
980 4329 1031 4371 nos
1058 4327 1137 4382 parra
1165 4309 1237 4384 [ed.
1256 4307 1364 4379 11111111]
1389 4309 1502 4379 11811111)
1524 4312 1765 4382 1111111111111111

176 4397 231 4453 Sed
251 4408 279 4454 ut
302 4401 328 4455 in
345 4401 386 4456 bis
400 4402 524 4456 omnibus
546 4403 645 4460 addere
658 4404 774 4460 ridearis
795 4413 929 4468 ornatum,
982 4406 1127 4474 potuimus,
1150 4416 1200 4457 ros
1223 4400 1405 4470 copiosissima
1429 4400 1541 4457 lectimm
1565 4402 1691 4473 saginati,
1711 4415 1765 4462 tana

137 4491 285 4557 posituras,
301 4507 367 4563 qaaas
382 4494 468 4550 Graeci
490 4497 572 4559 θέσεις
587 4507 693 4561 cocant,
717 4499 743 4552 id
765 4509 808 4552 est
833 4515 928 4567 puncta
946 4483 1015 4551 Dte
1036 4497 1096 4550 istis
1119 4492 1259 4548 codicibus
1281 4506 1349 4560 quos
1370 4490 1573 4560 dereliquimus,
1595 4508 1674 4562 qnam
1696 4510 1765 4565 quos

138 4584 309 4649 laiecilsima,
332 4588 432 4654 pariter
454 4598 482 4642 et
505 4588 634 4655 rotunda,
657 4598 685 4643 et
709 4587 862 4655 planissima
890 4597 929 4659 (ιιι

138 4675 166 4729 iu
187 4676 343 4744 praelatione
369 4677 424 4748 iam
445 4679 545 4735 dictum
570 4680 623 4750 est)
646 4681 758 4752 siugulis
780 4685 929 4751 quibusque

138 4782 210 4836 purae
224 4768 368 4836 capitibus,
384 4784 439 4839 pror
451 4785 482 4827 er
506 4772 708 4826 translationem
723 4775 807 4829 sancti
833 4775 926 4832 lliero·

140 4858 224 4929 arpini,
249 4874 308 4929 quaa
331 4861 398 4915 colia
413 4871 440 4917 et
454 4862 631 4917 commatibus
650 4864 771 4918 ordinata
786 4867 927 4922 consistit·

143 4949 264 5018 quoniam
280 4949 409 5006 illustrem
420 4963 446 5007 ot
458 4952 640 5018 planissimam
652 4954 753 5008 iaciunt
763 4957 926 5023 orationem,

142 5040 246 5110 qutaaado
268 5043 324 5097 suis
346 5043 413 5098 locis
427 5044 506 5115 (sicut
532 5045 643 5099 iaalurios
669 5049 827 5115 exponetur)
841 5061 930 5117 aptus

139 5129 323 5199 resplendent.
349 5132 435 5200 Quale
456 5143 499 5190 el
522 5133 594 5189 enim
620 5133 751 5190 iuoileaso
775 5137 858 5204 gradu
882 5152 931 5208 pur

139 5234 235 5275 seusus
246 5223 285 5275 ire
297 5225 493 5286 sanctissimos,
505 5238 641 5295 certasque
653 5236 845 5295 preceptorum
858 5229 930 5283 salo·

139 5309 270 5365 berrimas
284 5312 418 5369 subtiliter
432 5314 555 5380 introire,
569 5316 696 5372 teraaainos
707 5332 772 5372 suos
784 5318 927 5375 modulatae

139 5403 199 5457 roei
225 5415 408 5475 competenter
425 5404 554 5475 ailigere,
579 5417 715 5478 totamque
729 5408 873 5465 dietiouem
889 5412 928 5469 sic

138 5508 188 5566 per
210 5496 329 5551 membra
345 5497 476 5571 diriterc,
490 5509 518 5553 ut
539 5499 595 5554 satis
619 5500 738 5568 partibus
759 5502 926 5557 considerata

139 5587 344 5657 pulclarescanti
366 5590 432 5647 Nom
447 5592 581 5659 sicorpus
606 5600 727 5647 nostrum
752 5592 853 5661 indiget
879 5608 927 5663 per

140 5681 261 5734 mendara
273 5681 409 5750 cognosci,
418 5696 465 5735 cur
475 5682 565 5746 lectio,
574 5697 634 5737 cum
644 5683 700 5737 suis
710 5683 831 5749 partibus
842 5684 928 5736 ridea-

141 5781 184 5826 tur
193 5785 253 5826 esse
266 5771 400 5837 distincta,
413 5773 524 5828 conium
536 5773 715 5844 relinquiturl
726 5774 784 5829 istae
795 5774 927 5844 siquidem

255 5861 391 5922 Pareat.
408 5863 458 5922 LX
468 5864 508 5924 X.

981 4587 1122 4658 parueritis
1145 4588 1258 4642 leliciter
1279 4585 1417 4650 inuenire,
1443 4584 1588 4653 perlectius
1613 4585 1641 4642 iu
1667 4587 1765 4644 cbristi

980 4682 1087 4739 nomine
1103 4680 1268 4750 compleatis.

1017 4775 1114 4829 l‘recor
1123 4775 1204 4827 etiam
1214 4785 1271 4837 atas,
1281 4770 1326 4838 qui
1335 4780 1422 4825 tamen
1435 4767 1579 4823 emendare
1591 4768 1765 4838 presumitis,

980 4876 1010 4922 ut
1032 4880 1112 4932 super
1134 4863 1251 4932 atticotos
1274 4862 1378 4917 litteras
1401 4861 1438 4915 ita
1463 4858 1655 4926 pulctaerrimas
1676 4861 1766 4915 lacero

983 4955 1133 5016 studeatis,
1159 4966 1186 5005 ut
1211 4953 1298 5021 potius
1322 4950 1356 5006 ab
1378 4951 1537 5018 antiquariis
1561 4953 1660 5019 scripta
1684 4950 1765 5007 luisse

980 5048 1144 5119 judicentur.
1160 5044 1217 5101 Nau
1232 5043 1304 5097 euim
1320 5042 1347 5095 iu
1360 5043 1404 5096 illo
1418 5041 1515 5096 decore
1530 5042 1671 5112 quidquam
1687 5052 1765 5110 turpe

980 5138 1107 5195 etinvenit
1120 5135 1249 5194 inuenire,
1265 5131 1336 5202 quad
1358 5142 1449 5198 qaostea
1470 5132 1649 5186 stutliosoruna
1670 5132 1765 5185 oeulos

983 5231 1103 5285 aaleatur
1124 5225 1271 5283 allatrare.
1293 5222 1467 5276 Considerate
1490 5219 1569 5291 igitur
1590 5221 1765 5290 qualisrobis

979 5339 1060 5378 eausa
1069 5321 1209 5374 statuali-sa
1218 5319 1269 5372 sit:
1282 5315 1351 5370 utilia
1359 5329 1381 5367 as
1391 5314 1612 5375 claricatanomaa.
1622 5313 1764 5369 litesattrus

979 5412 1118 5476 Ecclesiae,
1130 5410 1219 5464 luraaeu
1245 5409 1405 5463 animarum.
1428 5403 1539 5461 Studeto
1560 5420 1633 5472 crgo,
1659 5419 1693 5459 ue
1710 5419 1763 5473 qua

980 5509 1118 5557 retuaraeat
1130 5497 1281 5553 inveritate
1293 5496 1466 5561 mendositas,
1483 5495 1511 5551 iu
1525 5495 1641 5561 pruritus
1652 5494 1764 5560 ialsicas,

980 5592 1007 5647 in
1022 5592 1174 5661 integritate
1198 5588 1358 5658 partasius
1378 5588 1536 5641 litterarum.
1559 5586 1612 5640 Sed
1634 5586 1764 5656 quoniam

981 5697 1076 5736 norcua
1090 5681 1197 5734 codices
1216 5680 1281 5749 legis
1303 5678 1398 5732 diriuae
1415 5678 1497 5745 prima
1512 5677 1598 5731 lrunle
1613 5677 1763 5745 posuiaaaus,

980 5784 1127 5840 certamque
1157 5770 1210 5822 intr
1228 5770 1354 5825 ductores
1387 5784 1448 5849 caan
1477 5766 1674 5834 expositoribus
1709 5764 1766 5835 suls,
