3794 6128
122 329 179 390 m
601 329 783 389 exrosmto
798 330 831 387 tlt
852 330 1079 393 maerentum.
1099 335 1195 396 PSAL.
1216 339 1272 395 xl..

1709 341 1761 399 29⁸

161 444 243 517 13ss
255 442 331 498 Vera.
345 441 634 515 iterumiterum
648 455 810 500 rerereantur
823 443 901 500 siunai
909 486 917 513 ,
934 448 958 509 Α
972 447 1044 503 tabat
1057 449 1172 520 quiippe,
1186 450 1294 522 quando
1315 451 1453 508 letabatur
1467 451 1493 508 in
1509 453 1641 523 Domino,
1661 454 1688 512 ln
1704 470 1760 527 spuo

122 539 167 608 gal
180 544 301 608 omitt
313 536 426 588 onirnorn
445 550 543 603 meum,
557 528 593 590 ¹ut
614 539 734 608 animent
754 536 917 592 corniculi
969 552 1061 593 revera
1075 550 1136 595 suat
1156 542 1244 596 omnia
1263 541 1409 611 prolatura.
1429 542 1481 599 Sed
1501 560 1534 599 ne
1553 545 1624 602 uano
1640 546 1760 603 exsulta·

121 626 157 683 sd
171 641 250 690 mvn,
266 641 326 696 qne
341 633 484 695 superest,
499 627 706 682 narrationem:
721 626 767 682 ubi
781 625 917 683 conlusio·
970 628 1069 684 tionem
1079 632 1280 704 quibuscunque
1289 634 1415 691 crederes
1425 636 1633 702 concedendam,
1643 639 1757 708 addidit,

122 734 184 775 nem
200 726 229 772 et
244 717 422 772 reverentiam
439 716 567 772 Dominus
581 717 707 774 Salvator
721 719 916 789 optatimpiis:

121 809 335 868 exsultationem
350 824 414 864 vcro
425 821 452 866 et
468 810 588 866 letitiam
603 812 745 882 provenire
760 812 827 882 petit
836 813 918 867 dero-

122 905 169 958 tis.
186 902 242 958 Sed
256 900 319 957 vide
335 902 361 956 in
380 902 429 958 ista
445 903 637 973 deprecatione
657 912 757 973 quanta
772 906 847 975 gerat
862 912 919 959 stu·

122 995 167 1051 dia
182 995 301 1066 pietatis.
317 994 528 1066 Consuadoatur,
544 996 629 1061 dixit,
646 996 809 1053 mirabilium
822 1010 918 1066 opera·

122 1089 199 1142 tione
231 1086 383 1141 turbentur.
407 1085 581 1141 Revertantur
595 1095 699 1152 atatem,
712 1085 917 1144 resurrectionis

122 1182 210 1253 gioria
237 1181 426 1249 corrigantur:
450 1191 481 1235 ut
505 1181 578 1237 illum
606 1181 782 1237 condirentur
808 1182 916 1249 Deum,

122 1286 204 1343 quem
220 1270 321 1326 dudum
335 1278 494 1340 putaverant
509 1285 568 1326 csse
589 1271 789 1327 trucidandum.
809 1270 917 1338 Sinuui,·

124 1363 150 1419 id
165 1372 227 1427 est,
240 1363 311 1416 siout
325 1360 458 1431 persecuti
471 1371 550 1428 sttui,
565 1364 600 1417 ita
614 1370 642 1417 et
658 1362 837 1431 predestinati
853 1377 916 1416 cora-

124 1453 262 1509 rersionis
275 1467 389 1509 munere
405 1452 562 1508 liberentur.
582 1453 717 1524 Sequitur,
739 1456 783 1524 pai
802 1465 918 1524 paurum

125 1544 240 1599 seimon
253 1558 347 1598 nurum.
368 1542 476 1598 Duobus
491 1542 578 1599 medis
597 1544 687 1599 anima
708 1544 918 1613 munimentis

125 1637 158 1692 ad
172 1636 324 1705 bonorem,
338 1636 395 1692 sive
409 1635 442 1691 ad
458 1646 582 1691 mortem.
597 1636 650 1692 Sed
663 1643 691 1691 ut
701 1635 743 1690 bic
756 1637 815 1692 illos
827 1644 918 1692 osten·

126 1732 222 1797 deret,
238 1729 284 1800 qui
298 1743 360 1786 eam
380 1736 445 1784 voto
462 1729 599 1785 contrario
620 1728 828 1798 perquirebant,
843 1728 918 1783 addi·

968 719 1014 788 gui
1028 717 1136 792 diliguat
1151 722 1264 776 solutore
1278 732 1369 789 tuunr,·
1384 724 1482 792 idest,
1498 725 1543 796 quui
1566 736 1608 782 me
1622 729 1756 798 spirituali

968 811 1098 867 enaritate
1112 815 1286 885 perquirunt,
1302 823 1331 871 ει
1348 816 1479 872 mandatis
1494 819 1561 874 meis
1574 819 1691 876 suaviter
1704 820 1753 878 ob·

969 911 1128 970 sentiuntur.

1004 989 1081 1045 Vers.
1094 991 1139 1045 ιι.
1155 990 1211 1064 Epo
1222 1009 1282 1048 uero
1292 1011 1386 1065 egenus
1398 1005 1424 1050 et
1436 1013 1532 1062 pauper
1544 1015 1599 1052 aum
1612 1015 1622 1054 .·
1634 1000 1758 1058 Durnium

969 1097 1057 1137 ruram
1071 1083 1148 1138 tatur
1176 1087 1235 1141 nui.
1258 1087 1402 1157 Postquam
1423 1079 1526 1144 dise'iat
1548 1090 1645 1146 laetitiae
1664 1107 1757 1150 mnne·

967 1173 1043 1229 ribus
1057 1188 1117 1230 esse
1130 1176 1323 1246 complendos,
1341 1179 1385 1248 qui
1405 1179 1531 1236 deitatem
1549 1180 1630 1237 Verbi
1649 1183 1757 1254 diligere

968 1265 1133 1335 voluissent,
1149 1282 1183 1322 ne
1197 1267 1247 1322 sibi
1262 1270 1394 1340 quispiam
1407 1272 1561 1326 meritorum
1577 1273 1687 1342 gloriam
1699 1276 1758 1330 via·

967 1353 1084 1421 dicaret,
1097 1356 1224 1414 bertuinus
1233 1359 1355 1416 caristus
1365 1375 1398 1416 ex
1410 1362 1494 1416 iorma
1510 1363 1625 1432 loquitur
1637 1364 1758 1420 bumari-

970 1446 1029 1503 mats
1042 1456 1185 1519 assumpte
1199 1467 1206 1502 ε
1221 1447 1326 1522 Eperos
1339 1461 1363 1506 et
1376 1467 1474 1522 pauper
1486 1469 1553 1509 tarn.
1567 1455 1684 1527 ligones,
1697 1456 1758 1526 quia

970 1538 1121 1596 immanitas
1144 1524 1279 1597 subveni'ri
1304 1544 1355 1598 sibi
1378 1560 1485 1613 semper
1507 1557 1568 1617 egos
1591 1562 1606 1602 a
1633 1531 1756 1605 Domino.

970 1626 1084 1701 Pauper,
1108 1630 1170 1700 quia
1193 1632 1244 1688 nisi
1267 1632 1354 1688 divina
1377 1635 1459 1718 gratia
1481 1637 1651 1703 clarificetur,
1673 1638 1708 1696 de
1728 1654 1759 1695 se

969 1722 1079 1777 omnino
1094 1723 1182 1779 uanis
1199 1737 1259 1780 esse
1278 1727 1457 1794 cognoscitur.
1477 1728 1530 1784 Sed
1550 1744 1583 1784 ne
1601 1730 1678 1786 istam
1693 1730 1759 1801 pad-

127 1823 184 1889 ιιι,
199 1829 229 1876 st
243 1822 365 1891 urserunt
381 1836 455 1889 rum,
471 1835 526 1875 nou
540 1830 568 1876 ut
583 1820 713 1890 diligant,
729 1836 782 1875 uon
798 1828 827 1875 ut
839 1835 919 1876 vene·
935 1820 1103 1885 Bpertatem
1128 1817 1207 1873 vilem
1230 1818 1415 1890 abiectumque
1439 1821 1609 1891 estimares,
1634 1823 1737 1879 addidit
1749 1863 1763 1899 ,

128 1921 242 1969 rentur:
259 1911 307 1967 sed
323 1920 351 1966 ut
366 1925 380 1966 a
396 1925 511 1982 corpore
525 1925 585 1967 meo
601 1912 754 1967 interventu
768 1911 863 1967 mortis
877 1926 920 1968 se-
971 1904 1099 1961 linarium
1118 1923 1205 1962 ettam
1219 1909 1294 1964 hilei
1316 1911 1385 1976 mtt'i
1406 1911 1509 1968 ⁸⁰1¹in
1522 1911 1555 1969 de
1568 1928 1622 1984 quo
1638 1913 1759 1971 dicturus

128 2018 241 2076 gregeus
255 2003 431 2059 contendant.
970 2006 1047 2055 ertl:
1066 1999 1115 2053 tlte
1128 2009 1166 2055 est
1180 2000 1266 2057 Filius
1280 2020 1349 2058 naeus
1369 2004 1492 2071 dilectus,
1512 2006 1539 2061 in
1556 2023 1608 2077 puo
1623 2008 1759 2064 milidone

161 2095 241 2151 Vera.
259 2096 303 2151 ttl.
324 2096 478 2150 innuantur
495 2103 636 2149 retrorsum
655 2101 679 2148 el
696 2093 861 2160 erubeseunt,
877 2094 922 2165 pati
970 2091 1114 2162 complacui
1129 2092 1243 2164 (lintris.
1254 2109 1302 2164 tu,
1316 2093 1374 2166 Π).
1390 2096 1413 2153 0
1427 2107 1608 2169 paupertatem
1627 2099 1760 2159 thesauris

128 2189 241 2259 reptant
262 2187 325 2240 nrilri
348 2187 427 2240 molo.
451 2185 619 2253 Freaareutcr
641 2184 759 2240 diximus
779 2186 860 2240 malis
881 2187 921 2241 sie
971 2182 1096 2238 omnibus
1110 2183 1249 2239 ditioreml
1266 2184 1370 2254 Pauper
1381 2186 1452 2242 etaim
1467 2187 1501 2243 de
1515 2201 1623 2254 uestro,
1635 2187 1710 2246 dives
1722 2191 1756 2248 da

128 2278 196 2336 bene
216 2278 323 2349 optari,
344 2286 375 2331 ut
396 2287 541 2332 retrorsum
570 2276 680 2332 redeant
703 2290 719 2330 a
742 2274 921 2346 voluptatibus
970 2284 1020 2326 suo
1035 2280 1097 2339 cst3
1118 2273 1163 2341 oui
1185 2273 1245 2330 ideo
1262 2273 1438 2345 indigentiam
1464 2275 1634 2335 humanitatis
1654 2294 1760 2336 assum·

128 2373 199 2439 sais,
214 2384 266 2427 aec
280 2371 307 2424 io
326 2370 399 2425 malo
412 2384 493 2439 opere
514 2378 697 2440 perseverent.
716 2367 767 2435 Qui
786 2369 809 2424 si
829 2367 922 2424 conlu·
970 2362 1041 2435 psit,
1057 2371 1086 2418 ut
1099 2363 1268 2421 abundantia
1281 2381 1337 2422 sue
1351 2381 1400 2423 uos
1416 2367 1515 2425 laceret
1530 2384 1591 2426 esse
1605 2370 1756 2441 participes.

128 2467 228 2522 sionem
240 2464 384 2535 patiantur,
397 2462 513 2517 evadunt
525 2480 530 2512 ι
543 2463 565 2516 si
578 2459 669 2516 usundi
684 2459 772 2514 leti-ia
783 2457 922 2528 perfruan-
1007 2454 1084 2512 Vera.
1098 2455 1144 2512 23.
1157 2457 1267 2528 Adiutor
1278 2474 1347 2515 meus
1359 2469 1383 2515 ιι
1396 2460 1516 2516 liberator
1528 2478 1598 2516 meur
1608 2478 1634 2516 es
1647 2473 1692 2518 tu:
1707 2462 1760 2520 Do·

128 2567 177 2621 tur,
196 2563 321 2624 pereunt.
340 2553 407 2608 Nam
421 2561 560 2607 retrorsum
575 2551 645 2606 istud
660 2551 686 2605 iu
707 2551 804 2605 bonam
820 2561 921 2619 parrem
970 2548 1055 2615 uniar,
1078 2563 1110 2603 ne
1132 2548 1280 2604 tordareris.
1302 2549 1340 2607 lle
1359 2551 1492 2623 adjutorio
1505 2562 1531 2609 et
1545 2555 1579 2610 de
1597 2557 1760 2624 protectione
1868 2594 1873 2609 .

128 2649 178 2705 diei
194 2646 333 2717 Evangelii
349 2647 424 2701 locus
438 2645 483 2701 ille
499 2652 622 2712 testatur,
638 2643 684 2698 ubi
698 2641 779 2698 Petro
793 2643 855 2697 vitm
870 2644 921 2698 lau·
970 2651 1081 2696 securus
1095 2638 1260 2697 celeritatem
1281 2644 1459 2699 necessariam
1479 2646 1563 2714 petit;
1582 2657 1610 2702 us
1625 2645 1682 2717 jann
1700 2649 1760 2718 quta

128 2739 168 2808 ins
179 2753 209 2794 se
222 2753 315 2793 amore
329 2736 447 2806 diligenti
461 2735 619 2805 respondit:
636 2735 700 2789 liudi
714 2739 794 2802 istro,
809 2733 922 2789 Solones
970 2744 1045 2786 mors
1064 2730 1141 2787 vitari
1160 2747 1214 2787 uon
1235 2732 1343 2799 debuit,
1363 2735 1458 2790 saltem
1478 2735 1639 2792 resurrectio
1661 2738 1757 2793 iestiaa

128 2827 229 2899 (liure.
252 2842 319 2892 rut,
346 2828 404 2897 ddi.
419 2825 496 2895 Qaaod
516 2839 606 2881 autem
621 2826 727 2896 posuit,
742 2826 787 2897 qui
807 2827 923 2897 rogitant
970 2823 1136 2880 succederet.
1159 2823 1225 2879 Cum
1249 2826 1319 2880 enim
1345 2825 1429 2881 dicit:
1446 2827 1558 2898 adjutor
1579 2837 1604 2883 et
1627 2829 1758 2899 liberator,

128 2915 920 2986 nuilinrolo,iudeorumsignificatimprobasnoluntates,
970 2914 1087 2971 ostendit
1115 2916 1269 2986 patientiam
1296 2916 1460 2972 diversarum
1492 2917 1618 2975 videlieet
1650 2921 1754 2989 passio·

128 3031 239 3088 tparum
251 3002 428 3084 cogitationes
438 3027 491 3066 non
503 3020 581 3067 eraut
591 3008 668 3065 sasaim
680 3009 805 3075 Domino,
816 3007 863 3063 sed
874 3023 922 3062 au·
971 3022 1051 3073 nom,
1070 3008 1140 3064 uude
1159 3016 1186 3063 et
1206 3006 1262 3078 ipse
1282 3005 1401 3077 psalmus
1419 3007 1482 3063 lecit
1502 3008 1617 3065 initium.
1635 3010 1757 3082 Quapro-

128 3106 320 3161 rtoribussuis.
330 3103 511 3175 Cogitationes
521 3101 593 3156 euim
605 3115 620 3155 a
631 3097 919 3171 cogendodictesuut.
971 3107 1030 3169 pter
1042 3105 1113 3154 lotus
1129 3098 1218 3153 virtuti
1233 3088 1368 3168 patientie
1382 3099 1479 3156 merito
1493 3100 1645 3170 deputatur,
1666 3102 1710 3173 qui
1731 3111 1759 3159 ει

161 3200 238 3257 lert.
252 3199 298 3255 20.
316 3196 412 3253 Ferunt
428 3196 563 3269 confestim
579 3193 756 3262 conponantur
770 3208 861 3261 suom,
874 3191 919 3260 gui
932 3184 956 3248 C
970 3189 1063 3246 eodem
1079 3188 1131 3244 dure
1144 3187 1322 3244 concluditur.

126 3293 211 3347 dicunt
222 3293 307 3346 anibi:
322 3289 413 3362 Euge,
433 3304 506 3360 rupe.
526 3286 551 3340 F
552 3296 627 3342 rrum
639 3289 772 3356 confestim
787 3284 918 3355 confusio·

126 3402 181 3442 srrn
193 3401 288 3447 mara,
301 3384 346 3453 qui
362 3396 446 3450 usipue
459 3380 492 3435 ad
509 3379 573 3435 illud
591 3377 765 3447 perveniunt,
781 3383 810 3430 ut
825 3390 854 3431 se
870 3390 917 3430 ne·

125 3486 212 3555 priter
225 3494 333 3537 errasse
346 3485 519 3547 coguosoaut.
538 3471 635 3528 Ferunt
643 3514 651 3538 ,
665 3472 749 3536 dixit,
764 3470 840 3540 quasi
853 3483 920 3540 pon-

125 3577 172 3632 dus
186 3576 361 3631 immensum.
378 3567 534 3638 Confestim,
551 3573 579 3620 ut
594 3578 705 3633 peecare
718 3560 869 3630 coeperint:
885 3574 920 3614 ne

124 3671 230 3742 longius
246 3662 444 3739 progrediendo
464 3659 641 3732 periculosius
659 3658 840 3728 ingraventur.
856 3653 921 3709 (iou-

124 3765 253 3836 [ssiouem
267 3774 359 3824 suom,
375 3755 401 3810 id
416 3764 457 3810 est
469 3750 661 3824 cogitationem
683 3762 793 3819 prauam
808 3745 920 3801 veritate

126 3854 285 3910 muriciam.
304 3849 442 3919 Sequitur,
462 3845 507 3916 qui
527 3844 614 3897 dicuat
634 3837 718 3894 arilli:
735 3837 827 3909 liupr,
847 3851 917 3906 ruge.

126 3944 173 4002 iiic
186 3944 273 4000 ialsos
285 3940 373 4013 arguit
387 3936 558 4002 laudatores,
575 3933 619 4006 qui
640 3931 700 4003 plus
720 3929 842 3985 nituntur
855 3928 921 3983 adu·

127 4036 204 4091 lado
217 4033 363 4104 decipere,
380 4046 459 4102 quarn
478 4029 583 4098 possint
602 4021 844 4093 vituperationibus
859 4034 921 4074 sau·

128 4129 205 4184 riare.
220 4123 295 4197 Erga
307 4123 420 4179 uerbum
432 4119 540 4192 quidem
556 4131 616 4186 praa
626 4113 714 4170 oniale
728 4121 784 4178 est;
798 4109 844 4166 sed
858 4125 919 4165 cum

129 4229 199 4275 recto
212 4219 304 4274 aniruo
315 4231 367 4270 non
381 4213 524 4284 protertur,
535 4208 569 4264 ad
581 4207 744 4264 deri-ionem
756 4204 870 4259 trabitur
880 4203 920 4257 in·

131 4310 275 4367 lereudaru.
291 4308 356 4376 Quin
372 4307 454 4377 ligura
470 4303 567 4359 dicitur
581 4298 683 4364 ironia,
698 4297 725 4354 id
736 4305 778 4353 est
789 4296 887 4353 irrisio.

1239 3298 1372 3357 Conclusio
1387 3300 1488 3372 psalmi.

1005 3414 1140 3486 llagnilica
1160 3422 1189 3472 el
1206 3414 1362 3470 suavissima
1377 3415 1457 3471 rerba
1471 3430 1566 3472 musas
1580 3426 1686 3475 nostros
1701 3434 1757 3476 me·

969 3505 1082 3561 duilitus
1101 3504 1284 3571 intrauerunt,
1306 3505 1414 3576 quaudo
1432 3505 1519 3575 ipsum
1541 3507 1689 3566 audirimus
1708 3510 1758 3566 do·

969 3609 1091 3664 centem,
1108 3613 1186 3668 ouem
1200 3597 1344 3653 adoramus
1358 3607 1505 3654 auctorem.
1527 3599 1594 3655 iiam
1615 3600 1678 3657 licet
1696 3601 1758 3658 uni·

970 3706 1061 3747 versos
1083 3690 1199 3760 psalmos
1221 3703 1319 3760 magno
1338 3688 1442 3745 honore
1463 3705 1643 3758 reveremur,
1667 3693 1759 3749 aemio

970 3781 1032 3852 quaid
1046 3789 1133 3836 maren
1149 3779 1252 3835 dulcius
1265 3780 1405 3848 accipitur,
1421 3795 1481 3836 cum
1496 3782 1595 3852 aliquid
1610 3782 1645 3839 de
1662 3792 1757 3843 saucia

970 3870 1153 3927 incarnatione
1165 3868 1309 3940 profertur.
1320 3869 1413 3924 Omnia
1425 3870 1497 3925 enim
1511 3871 1597 3926 idelis
1609 3873 1759 3942 gratissime

969 3961 1099 4031 suscipit,
1119 3975 1167 4031 per
1185 3973 1265 4030 quaem
1284 3960 1405 4015 noscitur
1424 3974 1485 4015 esse
1504 3961 1642 4018 liberatus.
1664 3962 1697 4018 tu
1716 3980 1759 4020 re-

970 4054 1044 4125 spice
1056 4068 1109 4124 guo
1123 4035 1222 4108 'ordine
1234 4051 1331 4123 psalmi
1348 4051 1426 4121 liujus
1439 4053 1576 4107 contextio
1589 4053 1758 4124 disponatur.
1807 4076 1810 4080 ⁸

970 4146 1088 4204 Primum
1103 4144 1219 4217 lorpuitur
1233 4143 1353 4200 Ecclesia
1374 4143 1449 4215 quassi
1463 4143 1544 4200 rudes
1556 4144 1666 4210 doeens,
1680 4149 1758 4218 quasi

971 4239 1088 4309 trepidos
1102 4238 1271 4302 contortam,
1285 4234 1361 4307 quassi
1379 4235 1570 4303 incompositos
1584 4252 1757 4308 praeparans,

970 4342 999 4387 ut
1013 4330 1152 4399 mouentia
1165 4328 1245 4384 verba
1269 4325 1374 4393 bomini
1388 4325 1536 4382 salvatoris
1555 4327 1648 4384 libenti
1667 4328 1759 4388 animo

162 4404 239 4459 Vere.
254 4401 301 4456 st.
318 4399 453 4454 Exsultent
463 4405 487 4450 et
499 4395 617 4450 inimum
627 4391 671 4462 gui
681 4397 797 4460 querunt
812 4398 851 4457 te,
866 4385 920 4441 Do-
969 4424 1121 4480 mulssim
1135 4420 1248 4491 populus
1263 4426 1428 4489 mammas
1440 4415 1555 4473 audiret.

134 4497 209 4559 un.
224 4503 249 4551 ιι
267 4494 352 4547 arcon
372 4503 493 4562 “titt'‘
508 4485 689 4558 ”mimmii
708 4481 854 4547 ⁰⁰m⁵'¹¹“‘
875 4480 919 4583 ‘¹¹¹3
1122 4529 1300 4588 aurosum
1317 4528 1350 4584 tu
1368 4526 1528 4585 usauumt
1548 4526 1601 4584 ut.

133 4588 236 4660 diligunt
255 4583 370 4639 ululare
383 4591 465 4635 tuum.
482 4579 557 4636 Sicut
572 4575 694 4630 inimicos
707 4587 771 4627 suos
790 4554 956 4627 coitiundafl
1184 4620 1216 4677 Μ
1232 4622 1308 4692 Μ
1322 4618 1437 4692 mmm
1452 4616 1544 4674 own-d.

135 4681 217 4744 pedis,
242 4673 289 4744 qui
308 4687 369 4729 eum
390 4669 465 4726 laisis
484 4665 682 4723 laudationibus
697 4660 866 4729 irridebant,
881 4659 918 4716 ita
1316 4730 1323 4744 ⁸
1472 4730 1479 4744 ι
1514 4729 1521 4743 ·

136 4768 238 4826 pm
261 4775 337 4837 (ψῃ,
359 4764 499 4829 genepe„
514 4758 649 4831 gaudem,
675 4755 721 4827 qui
743 4769 819 4826 ⁸me
842 4768 919 4809 ,mm
1007 4737 1092 4793 ierba
1119 4736 1170 4791 ista
1193 4733 1324 4803 irenaeum
1349 4746 1398 4785 usu
1418 4729 1495 4785 uobis
1510 4743 1566 4801 pam
1584 4728 1683 4786 debent
1700 4744 1761 4787 esse

136 4872 275 4917 sumuntur
293 4858 320 4912 in
343 4854 448 4911 Domini
468 4853 606 4922 majestate
625 4849 758 4919 posuisse.
780 4846 834 4902 Eos
847 4845 918 4901 enim
969 4831 1128 4895 rarissimu
1144 4828 1192 4883 ⁸01¹
1207 4826 1324 4882 breviter
1337 4824 1406 4879 dicii
1423 4831 1577 4894 liniam&
1593 4821 1682 4877 ⁰⁰¹⁰st
1696 4822 1760 4877 (Μ’

137 4957 298 5006 mamalum
313 4943 475 5012 tauream
490 4954 512 4997 rt
526 4943 655 4998 resultare
676 4939 844 5009 depreeatur.
867 4935 918 4993 Sari
970 4934 1068 4997 guntur
1095 4924 1127 4980 ad
1151 4921 1287 4979 Christum
1315 4919 1469 5015 Dasminum.
1498 4918 1647 4990 llagniiicat
1669 4928 1758 4975 autem

136 5052 186 5108 aaa
204 5042 242 5097 sil
260 5041 313 5093 ista
330 5035 474 5094 exsultatio
493 5038 690 5102 coraseauenter
709 5028 868 5098 exponitur;
892 5026 918 5082 id
972 5017 1043 5073 bussi
1058 5016 1203 5087 lilinum,
1220 5013 1290 5082 ιιῑῑθᾰ
1310 5009 1693 5113 hillidiidessii1⁰iuiflssi⁰
1710 5024 1759 5113 ao-

136 5144 186 5201 tst,
197 5143 221 5189 rt
234 5133 322 5188 dicarit
333 5144 432 5197 semper
444 5142 453 5182 .·
465 5124 645 5197 liogaipicetur
656 5122 789 5177 Dominus.
803 5120 867 5176 ilaue
879 5127 921 5175 est
971 5111 1056 5167 scitur
1073 5109 1238 5169 collocatus;
1252 5104 1297 5176 qui
1311 5103 1428 5158 calculus
1449 5101 1630 5158 emundationi
1642 5107 1670 5156 et
1686 5114 1760 5203 purr-

136 5227 198 5283 euim
219 5224 369 5296 protensio,
391 5236 453 5291 qttae
472 5221 500 5273 in
522 5227 652 5273 aeteruum
673 5213 820 5287 gaudentes
838 5209 921 5267 sidcis
971 5199 1089 5257 ilcatioui
1101 5199 1253 5269 [requenter
1267 5201 1380 5265 aptatur.
1392 5192 1570 5276 Quadraginta
1582 5193 1653 5248 enim
1666 5188 1762 5246 diebus

136 5313 316 5380 metianum
342 5329 404 5386 garae
427 5308 550 5382 qaaamris
573 5306 672 5378 jugiter
693 5304 808 5373 dicatur,
831 5309 920 5357 tamen
972 5295 1033 5352 iuso
1047 5293 1150 5349 diluvio
1166 5291 1200 5346 ab
1220 5285 1405 5391 iniquitatibus
1425 5286 1563 5341 bominum
1584 5293 1654 5340 terra
1676 5282 1760 5338 diluta

136 5420 235 5482 temper
249 5409 395 5479 appetitur.
413 5401 515 5458 beista
530 5397 661 5471 signidem
681 5395 813 5452 sententia
829 5406 921 5463 pasce·
973 5396 1025 5444 est.
1040 5381 1222 5457 Quadragintp
1239 5392 1346 5452 quoque
1364 5377 1459 5434 duobus
1477 5384 1586 5431 mactus
1603 5374 1708 5446 lioyses
1726 5372 1761 5429 ab
1826 5438 1841 5451 ἱ

136 5490 206 5558 batur
215 5511 245 5558 et
259 5501 285 5556 in
298 5499 351 5554 isto
365 5493 464 5552 seculo
474 5490 593 5562 lob,gul
607 5485 920 5552 erataiiliotioaeeorpo·
973 5477 1044 5534 escis
1058 5474 1195 5565 corporeis
1209 5470 1385 5540 temperarit,
1401 5476 1430 5524 ut
1443 5467 1531 5523 diuina
1550 5465 1682 5536 colloquia
1703 5480 1761 5522 me·

137 5591 169 5650 n's
178 5593 298 5665 graviter
310 5588 445 5645 sauciatus
454 5625 463 5649 ,
473 5581 610 5639 dicendo:
626 5576 754 5634 Dominus
766 5575 854 5641 dedi,
865 5570 923 5627 Ilo-
972 5577 1090 5626 reretur.
1099 5565 1199 5622 Eodem
1215 5563 1296 5618 modo
1311 5561 1385 5618 tiliae
1399 5557 1514 5630 sudugio
1526 5571 1557 5614 se
1566 5570 1708 5662 corporee
1718 5573 1761 5612 re·

137 5686 214 5741 nass
227 5682 352 5747 slusiit,
371 5679 437 5735 ιίιιιι
452 5674 563 5731 donnino
581 5667 682 5745 placuit
701 5669 738 5723 ito
757 5665 853 5737 {astron
872 5672 920 5719 est.
973 5657 1097 5720 iectionis
1121 5654 1261 5712 abstinuit.
1287 5652 1348 5722 lpse
1370 5664 1476 5722 quoque
1499 5648 1626 5705 bemanus
1650 5647 1762 5703 rotatim

136 5774 174 5835 ta
194 5791 288 5832 nomes
312 5771 416 5828 llornini
437 5767 594 5823 benedicturus
616 5750 803 5836 plorimi.
826 5754 921 5813 ursiu-
973 5742 1538 5816 dielmaarnoctibusJeJuuarll,utnobb
1551 5741 1663 5800 termam
1675 5742 1761 5799 beata
