3802 6120
126 257 179 317 bib

734 256 767 310 ib,
792 252 930 309 ,ttttte‘tat
950 252 1152 310 ChSSlOlel’rl

1709 248 1765 303 aaa

128 372 241 442 Adiecit,
261 371 370 426 esaltaet
381 375 489 427 electam
501 368 532 424 ds
546 366 617 439 plebs
630 385 695 424 ntea.
725 367 842 422 lt'leetnra
862 368 914 423 dici
932 369 954 428 A
971 367 1073 436 psalmo
1086 369 1139 434 jam
1155 367 1253 420 dictatu
1269 328 1328 420 esu.
1346 366 1382 418 Tu
1393 383 1418 420 er
1433 366 1495 419 ruilri
1508 365 1665 434 relnpiuma
1687 381 1767 434 pres·

127 463 267 518 liutttinum
289 461 424 516 Clrristam
449 461 532 515 isaias
556 460 687 530 propheta
711 469 916 525 commemorat,

126 553 237 608 dieetts:
259 550 324 607 Ecce
337 569 400 621 puer·
411 569 481 607 meus
492 554 631 624 suscipiam
646 569 713 618 earm
730 552 826 608 electus
848 567 917 606 oreas

126 644 281 716 complacuit
291 645 339 698 sibi
351 646 377 698 ia
389 644 434 698 illa
447 645 534 698 atrirna
547 662 602 699 ntea
613 643 690 715 (lsai.
704 661 769 708 rttt,
784 644 820 715 l).
835 644 917 700 Exul·

130 744 198 789 tatus
209 746 248 789 est
272 743 373 800 autem,
388 737 456 789 sieut
470 735 535 790 dreit
550 736 691 805 Apostolus
703 754 710 788 :
724 735 835 804 Propter
848 736 918 807 qaod

125 836 148 881 el
164 827 232 881 Draus
248 826 367 881 exaltarit
383 829 483 900 (illum,
506 839 530 883 sl
552 829 654 883 donar-tr
677 829 716 883 illi
737 847 827 884 nonreu
850 831 917 900 priori

126 931 163 978 est
176 939 253 992 saper
266 939 340 978 orttue
354 941 445 978 nomeu
458 941 467 989 ,·
482 932 510 978 nl
528 925 556 977 iu
572 925 673 978 naariae
687 923 750 978 lesu
765 940 837 978 omits
851 940 917 995 perta

126 1017 242 1087 {lectatur
255 1016 405 1082 eoelesium,
430 1017 587 1069 terrestriam
600 1026 623 1069 et
636 1016 793 1085 inserueram
804 1014 915 1086 (Philip.

126 1121 155 1173 n,
170 1104 210 1176 9).
235 1106 272 1163 bs
293 1107 364 1175 plebe
386 1123 452 1171 urea,
473 1107 605 1176 sigtrihcat
626 1115 732 1175 perstem
751 1105 914 1170 ludaeorum,

126 1197 197 1253 stude
213 1205 303 1253 tratum
315 1209 420 1252 constat
436 1199 576 1252 bominum
591 1197 735 1257 Christum.

164 1310 239 1366 Vera.
255 1311 299 1364 itt.
314 1308 402 1365 lrtoerti
420 1310 501 1364 David
515 1327 614 1364 saraam
630 1327 731 1365 meam:
744 1311 770 1364 ia
785 1311 841 1365 olea
857 1327 918 1366 sau-

126 1412 166 1457 sto
178 1418 239 1476 ‘areo
255 1405 318 1458 anai
330 1420 401 1460 eniri.
419 1403 494 1470 Quod
508 1403 591 1456 dicit:
608 1400 699 1456 laeeat'
717 1403 810 1469 Dauid,
825 1403 916 1458 lesam

126 1491 261 1547 Christum
287 1493 426 1547 evidenter
450 1491 579 1557 insinuat,
605 1506 685 1560 auem
711 1492 918 1561 superiusdixit

128 1579 272 1636 l‘uterrteur.
298 1583 352 1638 lluc
376 1583 449 1637 euim
475 1598 571 1638 nornen
595 1583 749 1652 lreqnenter
765 1583 917 1639 eorrststad

125 1672 213 1737 ipsum
238 1672 343 1739 relerri,
368 1674 472 1742 attinet
495 1690 575 1729 nrartu
596 1673 789 1739 lortisdieitar,
805 1683 832 1729 et
846 1675 916 1729 desi·

125 1766 251 1822 durabilis
273 1767 423 1832 invenitar;
454 1768 571 1822 ntatirue
591 1757 735 1822 cum'talia
758 1779 914 1837 sequautur,

125 1875 184 1931 aue
195 1875 281 1930 neque
297 1860 390 1927 liaeid,
408 1876 493 1930 raeque
508 1860 585 1914 alteri
598 1857 721 1930 cuiquam
731 1860 805 1930 justo
817 1869 917 1929 praeter

126 1949 240 2005 Dorrtino
265 1951 397 2006 sstrstori
423 1952 527 2019 possint
546 1952 677 2005 ullatenus
701 1950 857 2006 convenire.
879 1950 917 2006 Dc

125 2038 184 2108 ipso
196 2040 267 2094 enim
282 2040 308 2094 in
321 2039 375 2094 alio
391 2040 496 2109 psalmo
507 2039 562 2109 jorn
575 2040 675 2093 dietam
689 2051 729 2093 est
742 2058 748 2092 :
774 2039 917 2109 Propterea

125 2131 199 2185 arisit
215 2142 238 2184 te
254 2130 322 2185 Drus
338 2129 406 2185 Deus
421 2143 479 2185 tuus
495 2131 550 2185 oleo
565 2133 744 2186 exsultationis
768 2148 822 2200 prta
835 2133 917 2202 parti·

125 2221 223 2292 cipibus
235 2223 284 2276 tisis
300 2219 386 2292 (Psal.
402 2238 471 2289 retr,
487 2222 526 2292 9).

163 2334 240 2391 teu·
253 2335 299 2390 il.
321 2335 415 2389 Manus
432 2336 500 2388 euim
515 2351 570 2390 turea
586 2336 756 2391 auxiliabitur
769 2337 802 2400 ei,
819 2346 841 2388 et
857 2336 917 2389 bra·

125 2421 210 2480 edium
224 2440 308 2479 meum
322 2425 473 2495 eortlortabit
488 2442 554 2480 euru.
576 2427 788 2482 llucseeundmn
803 2427 916 2482 lormam

126 2517 316 2586 numidicum,
339 2533 398 2588 que
417 2527 552 2588 assumpta
577 2528 618 2574 est
641 2520 667 2574 in
690 2529 767 2574 utero
781 2519 915 2590 virginali.

126 2607 174 2663 Cal
194 2609 320 2664 auxiliata
334 2618 372 2664 est
393 2626 484 2664 marrus
505 2610 593 2666 diuina
619 2611 646 2666 in
662 2594 832 2682 passionibus
848 2612 915 2679 suia,

126 2707 154 2756 et
170 2699 296 2756 lordtedo
310 2700 415 2756 Dorrriai
432 2700 547 2756 firmarit
560 2714 640 2767 eam;
657 2710 686 2757 ut
707 2717 788 2773 quant
808 2717 857 2771 pro
870 2717 916 2758 sa-

127 2794 183 2848 lute
197 2792 289 2847 mundi
303 2793 362 2863 pius
382 2792 547 2865 Redemptor
567 2805 735 2864 susceperat,
750 2797 914 2865 propositam

127 2898 267 2960 perageret
280 2889 442 2958 passionem.
464 2889 521 2946 liae
540 2889 648 2946 aelrema
668 2890 765 2946 dieitur
779 2891 918 2948 characte-

127 2983 236 3050 rismos,
251 2981 322 3051 quod
337 2981 431 3037 Latine
444 2982 599 3038 iulormatio
614 2983 655 3037 rel
668 2984 816 3053 descriptio
832 2983 916 3039 nonii,

127 3084 216 3138 natur,
238 3073 344 3143 quando
359 3088 500 3143 personam
514 3075 652 3130 absentem
670 3075 830 3144 quibusdam
845 3074 915 3130 iudi·

127 3169 177 3224 ciis
198 3165 270 3223 reltrt
284 3177 443 3236 presentem
459 3165 571 3223 iacimus
586 3167 694 3223 intueri.
718 3168 781 3225 ihre
804 3184 868 3238 ergo
883 3169 917 3224 li·

127 3274 192 3328 gura
209 3266 291 3314 tritam
311 3269 414 3328 partem
429 3259 569 3321 divisionis
584 3259 663 3330 hujus
676 3259 773 3316 deeora
787 3261 918 3317 sarturae

128 3348 324 3418 complectitur.

165 3479 241 3535 Vere.
253 3480 299 3535 ⁹2⁹2.
314 3480 388 3535 Nihil
399 3483 513 3550 proficiet
526 3483 642 3538 iuimicus
654 3484 680 3537 in
693 3499 731 3549 eo,
747 3493 771 3558 et
785 3484 855 3551 filius
870 3485 920 3538 iui-

129 3572 235 3644 quitatis
250 3588 301 3628 aon
312 3574 410 3626 nocebit
430 3590 498 3627 earm.
515 3574 585 3628 lstad
599 3584 672 3629 certe
685 3575 717 3628 ad
732 3574 812 3629 [iarid
826 3590 919 3645 attem-

129 3663 271 3722 sinodum
298 3666 432 3735 pertinere
447 3668 555 3734 poterit,
586 3669 630 3738 qai
646 3679 672 3723 et
687 3669 808 3724 iutuitu-os
823 3670 919 3724 lortiu-

128 3770 173 3811 res
184 3757 300 3827 pertulit,
316 3765 342 3812 et
355 3757 462 3812 {liubula
476 3759 618 3831 instigante
649 3761 786 3830 peccavit?
801 3763 852 3818 Sed
870 3766 920 3818 troc

129 3851 262 3905 tenaciter
276 3850 308 3904 do
321 3850 428 3904 Christo
441 3852 617 3906 auirnadrerti
643 3867 754 3909 necesse
770 3865 811 3908 est
825 3872 832 3919 ;
859 3872 919 3909 rrum

129 3941 192 3997 lieet
212 3943 238 3998 iu
259 3958 320 3998 eum
344 3944 461 3999 saevierit
480 3943 615 4008 diabolus,
643 3945 686 4011 aui
710 3954 748 4000 est
779 3957 920 4014 proteruus

131 4032 304 4089 hamanitatis
319 4036 459 4090 iuimicus:
476 4033 615 4092 licetluda
631 4035 701 4100 filius
717 4038 859 4108 iniquitatis
874 4055 921 4092 nr-

129 4141 186 4180 cers
207 4128 416 4196 presumpserit,
438 4128 525 4183 uottus
551 4138 639 4182 tanreu
662 4144 754 4184 eorum
771 4142 920 4199 peceatum,

129 4219 199 4287 arrad
213 4222 285 4287 iuste
308 4236 435 4276 accusare
458 4223 598 4291 potuisset,
624 4224 748 4288 invenit;
774 4225 922 4295 sicutipse

129 4309 213 4365 dicit:
228 4308 292 4363 licea
304 4312 384 4363 oeuiet
399 4314 516 4380 princeps
532 4315 608 4380 tatus
623 4315 723 4381 muudi,
738 4325 760 4368 et
774 4316 800 4368 in
816 4333 855 4369 sue
868 4334 920 4370 nort

130 4397 238 4452 inueniet
251 4400 392 4471 arridaeum
405 4401 494 4471 (lours.
509 4419 563 4470 ιιι,
579 4405 636 4475 50).

969 476 1030 514 sara
1042 477 1098 524 arata
1110 459 1276 512 circumdedit
1291 476 1331 513 atre
1348 458 1433 530 (aaut.
1453 475 1527 525 ttxtt,
1542 461 1583 527 l).

1006 552 1081 607 Vets.
1097 551 1142 606 at.
1166 551 1198 604 ls't
1210 553 1303 606 ueritas
1318 568 1382 618 rrrea,
1398 562 1422 605 et
1444 553 1618 606 eriserirordia
1633 569 1690 605 area
1703 567 1766 606 aem

969 644 1045 712 ipso:
1062 654 1084 696 at
1098 645 1122 696 ia
1138 649 1239 697 trorulae
1253 660 1306 697 meo
1321 645 1477 697 exultabitur
1495 661 1575 696 eorrtn
1591 648 1655 715 ejrts.
1680 644 1765 698 Patet·

968 735 1032 789 dicit
1046 735 1079 789 dc
1092 734 1168 791 Filio,
1183 736 1274 788 teritus
1286 751 1340 787 area
1350 742 1373 787 et
1386 734 1562 787 misericordia
1573 751 1628 786 arran
1639 751 1696 785 rura
1706 735 1769 802 ipso

968 835 1028 890 est;
1050 835 1078 878 ut
1102 826 1281 893 intelligamus
1306 824 1372 878 ailtil
1395 839 1456 879 esse
1473 823 1599 888 diuisum,
1619 824 1700 894 302
1715 825 1766 877 sed

969 915 1082 970 virtutes
1098 930 1163 983 tetrus
1180 915 1259 968 habet
1275 915 1362 979 taret,
1389 915 1486 968 ltaherc
1506 913 1587 967 sinrul
1612 925 1638 968 et
1654 914 1765 979 b'ilrutu,

968 1009 1036 1063 sicrtt
1052 1008 1109 1075 ipse
1129 1017 1261 1062 testatur:
1290 1006 1383 1060 Orttrria
1400 1005 1487 1059 Putris
1503 1022 1559 1058 tarra
1574 1016 1643 1069 tutat,
1659 1015 1682 1060 sl
1706 1023 1767 1060 area

969 1099 1126 1155 Patrissaat
1139 1099 1229 1171 (loun.
1242 1115 1305 1160 xrtt,
1319 1099 1373 1168 ιιι).
1396 1097 1496 1151 Veritas
1512 1099 1627 1166 pertinet
1645 1097 1678 1150 ad
1688 1095 1767 1166 jardi-

971 1193 1055 1259 cium,
1072 1193 1097 1247 in
1119 1207 1169 1261 aaa
1181 1191 1350 1262 judicaturus
1362 1200 1402 1245 est
1415 1191 1563 1254 mundaum
1588 1191 1768 1246 eriserieorditt

968 1300 1033 1340 uero
1055 1285 1087 1338 ad
1108 1285 1245 1354 pietatem,
1266 1299 1317 1354 qua
1338 1291 1445 1352 peceato
1471 1282 1593 1348 dimittit,
1615 1292 1642 1336 et
1671 1283 1766 1337 omnia

968 1392 1028 1448 ottae
1049 1385 1158 1446 prestat
1178 1376 1303 1454 grutuita·
1318 1376 1440 1444 largitate
1466 1374 1599 1429 coneedit.
1624 1375 1765 1444 Sequitur,

968 1478 992 1521 el
1006 1468 1032 1520 t'tt
1043 1469 1146 1521 naariae
1159 1484 1214 1521 meo
1226 1467 1382 1522 exaltabitur
1395 1483 1473 1519 eorrtu
1484 1470 1550 1535 eiras.
1567 1466 1654 1520 Cornu
1670 1465 1715 1520 hic
1727 1467 1766 1520 si·

968 1559 1077 1628 guillart
1093 1558 1294 1613 invictissimam
1322 1565 1493 1627 potestatem,
1520 1555 1554 1610 de
1579 1572 1629 1625 qua
1654 1557 1715 1624 ipe
1737 1557 1765 1610 ia

969 1647 1115 1714 Erartgelio
1125 1648 1189 1703 dicit
1202 1664 1209 1701 ε
1223 1647 1291 1702 Data
1307 1657 1343 1702 est
1361 1648 1425 1700 milri
1437 1651 1519 1700 ateiris
1534 1655 1644 1716 potestas
1658 1647 1685 1700 ia
1702 1649 1767 1702 caele

933 1732 993 1794 Bel
1004 1741 1031 1795 s'u
1043 1752 1110 1794 terra
1125 1739 1234 1807 (llalth.
1248 1755 1339 1803 rxvttt,
1359 1738 1413 1809 18).

1006 1833 1143 1889 Vers‘lb.
1166 1834 1200 1886 e'r
1223 1849 1316 1902 ponam
1343 1834 1369 1886 ln
1391 1832 1456 1884 mari
1482 1833 1668 1902 suanumep'us,
1695 1840 1721 1885 el
1739 1833 1766 1885 itt

968 1927 1118 1998 dominibus
1133 1927 1262 1980 dexterata
1282 1928 1350 1996 ep'us.
1373 1923 1447 1979 blare
1472 1925 1601 1995 siguilieat
1621 1928 1766 1980 tattirersas

968 2028 1072 2088 gentes,
1095 2019 1121 2072 iu
1135 2018 1232 2088 quihus
1252 2018 1374 2073 Salvator
1396 2028 1487 2074 noster
1513 2020 1624 2087 gloriam
1639 2019 1765 2074 attrutina-

970 2111 1050 2164 tionis
1067 2109 1181 2177 aceepit,
1194 2107 1301 2177 quarrdo
1313 2109 1370 2175 eius
1382 2109 1484 2163 narairri
1499 2109 1581 2162 lnuuil
1596 2119 1636 2163 tur
1652 2109 1762 2166 «teretis

970 2201 1104 2255 mentibus
1117 2200 1296 2255 crealideruut.
1313 2199 1345 2252 la
1353 2201 1512 2270 planioribus,
1527 2200 1637 2255 iuncum
1650 2201 1765 2258 larsitatt

970 2292 1068 2347 fluenta
1084 2291 1229 2357 surrilicut,
1256 2293 1300 2345 uht
1316 2291 1428 2345 Dottriuo
1441 2293 1574 2346 Saltatoti
1591 2296 1707 2362 populus
1723 2311 1766 2351 re·

969 2385 1150 2455 generationis
1164 2384 1321 2453 aequiritur.
1349 2385 1411 2440 Sive
1424 2384 1568 2440 lattdettem
1585 2386 1696 2439 [latrium
1717 2402 1767 2455 ptus

970 2476 1124 2532 llanrinihus
1147 2478 1230 2546 pouit,
1256 2479 1283 2531 iu
1303 2493 1357 2545 arto
1388 2478 1428 2532 sai
1445 2478 1612 2546 baptimastis
1635 2479 1769 2535 bouriuus

969 2568 1136 2623 consecrarit
1159 2568 1323 2636 exemploru.
1350 2568 1395 2623 Sic
1420 2579 1448 2623 et
1473 2569 1557 2624 coelos
1580 2570 1696 2624 diciums
1716 2585 1766 2641 pru

969 2660 1049 2723 celo,
1070 2667 1097 2714 et
1118 2665 1202 2714 terrm
1215 2673 1263 2728 pro
1279 2669 1359 2724 terra,
1375 2671 1399 2713 et
1417 2659 1499 2713 moria
1514 2677 1561 2730 pro
1588 2661 1667 2726 mari,
1696 2664 1765 2718 etsi

969 2751 1057 2805 adhuc
1072 2751 1138 2807 reiis
1151 2764 1272 2821 quarere
1293 2749 1422 2816 Athenas,
1444 2750 1561 2816 Tlrehas,
1586 2751 1712 2824 blyeerras
1737 2764 1767 2808 es

970 2843 1132 2899 bnamma

1007 2937 1082 2992 Visus.
1096 2937 1140 2990 ²26.
1163 2935 1223 3005 lpse
1244 2938 1270 2990 in
1287 2937 1369 2991 orabit
1393 2953 1451 2991 ore:
1480 2936 1559 2992 Pater
1581 2954 1652 2992 meas
1671 2955 1698 2992 es
1713 2948 1768 2993 tus

969 3027 1038 3083 Deus
1048 3046 1117 3083 metus
1132 3039 1155 3082 el
1169 3041 1299 3093 susceptor
1313 3028 1404 3084 salutis
1420 3045 1491 3084 mea.

932 3109 953 3171 C
1008 3121 1085 3176 Vere.
1100 3121 1145 3174 at.
1168 3120 1200 3174 Et
1222 3136 1268 3191 epo
1285 3122 1482 3192 priuroaeaitum
1493 3139 1590 3195 porram
1609 3123 1696 3187 illrum,
1719 3139 1767 3177 ex-

969 3214 1064 3269 celsum
1079 3230 1132 3284 pree
1146 3214 1245 3284 repibas
1263 3224 1347 3267 terrac.
1364 3213 1391 3268 Ιιι
1407 3214 1448 3268 tus
1461 3215 1565 3270 daubus
1581 3217 1704 3274 tersihus
1718 3219 1764 3274 oh·

970 3307 1058 3361 ao'ute
1083 3305 1232 3360 debellatur
1256 3306 1383 3374 iniquitas
1406 3306 1572 3361 lurrlreoram.
1603 3309 1673 3376 Quid
1691 3310 1768 3364 errirn

970 3398 1131 3462 evidentius,
1144 3397 1205 3466 auid
1226 3397 1341 3465 plautius,
1365 3413 1443 3468 qttsrnr
1463 3408 1491 3452 ut
1506 3413 1565 3453 esse
1576 3401 1703 3455 cretatae
1717 3400 1768 3456 rt·

971 3491 1021 3545 lius
1035 3491 1078 3560 qtti
1094 3490 1194 3542 ineosut
1211 3488 1325 3555 Patrem,
1340 3504 1366 3543 et
1378 3506 1482 3543 rursum
1498 3490 1623 3544 credatur
1637 3505 1700 3546 esse
1713 3494 1766 3547 l'a·

972 3591 1011 3634 lct
1024 3582 1067 3648 atti
1079 3581 1195 3648 aputellat
1209 3580 1331 3634 filium?
1355 3581 1419 3634 'Natu
1435 3581 1557 3650 erraturis
1574 3583 1631 3635 leuc
1644 3583 1700 3636 dtto
1714 3598 1766 3638 tto·

972 3673 1042 3723 ntiua
1068 3668 1179 3723 relatiua
1199 3669 1250 3722 sibi
1266 3670 1329 3733 sint,
1352 3685 1488 3740 urtttmtpte
1509 3670 1626 3726 sarlhciat
1648 3673 1713 3739 diei,
1736 3685 1767 3731 ut

970 3761 1110 3816 amborum
1127 3762 1211 3816 virtus
1234 3763 1320 3830 possit
1341 3761 1472 3832 intelligi,
1495 3774 1583 3818 tanton
1607 3775 1634 3818 ut
1655 3780 1766 3820 omnent

972 3859 1128 3929 scrupulum
1146 3858 1326 3928 aarbiguitatis
1341 3859 1507 3924 excluderet,
1533 3869 1647 3928 utraque
1663 3862 1764 3928 posuit,

973 3963 1084 4023 atraque
1110 3950 1235 4014 lit-morit,
1259 3957 1286 4004 et
1306 3937 1393 4005 aditae
1415 3965 1467 4003 nou
1492 3950 1589 4003 dusirrit
1608 3950 1765 4004 larrlaeorum

973 4043 1066 4096 insana
1082 4041 1190 4096 deniare
1213 4040 1358 4109 protervia,
1384 4042 1447 4095 dam
1471 4045 1573 4096 erroris
1588 4057 1669 4096 caasa
1684 4043 1766 4098 itteris

971 4134 1088 4188 subtura.
1102 4135 1165 4187 linc
1183 4134 1254 4186 caira
1275 4142 1368 4195 rrttarta
1382 4132 1485 4186 decima
1511 4133 1616 4200 speeies
1629 4134 1767 4187 delinitio·

974 4225 1015 4279 ttis
1031 4234 1083 4291 esi,
1099 4237 1179 4293 qttattt
1198 4221 1283 4276 Greci
1298 4226 1364 4278 κατὰ
1384 4229 1430 4277 τοῦ
1441 4223 1550 4300 aspiret,
1566 4223 1653 4277 Latina
1668 4225 1702 4278 ad
1718 4224 1767 4277 uli·

974 4317 1035 4386 quid
1052 4324 1167 4379 roeant,
1189 4316 1293 4383 notities
1313 4330 1395 4369 urtam
1420 4307 1516 4370 aorrron
1542 4315 1582 4369 sic
1605 4317 1714 4384 dicitur,
1738 4325 1768 4370 ιιι

973 4411 1088 4463 alludet
1105 4424 1137 4462 eo
1158 4407 1268 4476 irttelligi
1286 4422 1364 4475 posse
1389 4409 1520 4461 rideatur.
1548 4408 1677 4477 Seqrritur
1699 4425 1705 4460 :
1734 4408 1767 4463 lit

166 4490 243 4549 Vere.
259 4491 304 4546 25.
327 4493 359 4546 Et
370 4497 503 4548 concidam
515 4497 632 4551 inimicos
647 4500 702 4570 ejrts
718 4517 734 4552 a
749 4502 813 4569 faeie
827 4501 919 4572 ipsius,
936 4494 1020 4575 Depo
1030 4502 1225 4574 primopeuitnm
1239 4490 1331 4569 ponant
1344 4500 1429 4567 illum,
1445 4501 1574 4554 arcelaum
1588 4516 1644 4569 prta
1663 4500 1768 4569 repibtts

131 4592 155 4636 et
169 4583 282 4638 odientes
297 4600 354 4638 sarta
368 4585 395 4639 iu
408 4589 497 4656 sapam
522 4598 677 4642 corrrsrtaur.
700 4589 721 4641 Α
740 4590 805 4658 [acie
820 4589 918 4645 Christi

130 4677 301 4733 conciduntur
323 4679 431 4745 iniuriei,
456 4678 562 4749 qttando
575 4682 633 4747 ejus
649 4682 790 4748 praeseutia
806 4697 920 4737 eanrer·

129 4769 215 4826 siaais
240 4768 399 4826 heaellcioa
416 4771 532 4840 propriis
554 4772 710 4827 criminibus
724 4775 863 4845 crrtpisrpre
877 4790 921 4830 se-

129 4873 270 4934 parantur.
291 4864 355 4919 Nam
371 4865 449 4933 iacies
464 4866 546 4936 ipsius
559 4881 618 4921 cura
642 4879 797 4930 praecatores
812 4869 918 4935 aligaata

129 4955 210 5011 fuerit
231 4956 338 5022 intueri,
355 4972 370 5010 a
386 4956 563 5024 pravitatibus
586 4959 642 5012 ruis
661 4958 832 5012 conciduntur
846 4974 855 5025 ,·
869 4974 919 5015 trec

128 5064 288 5105 eonsensum
310 5050 422 5108 ulterius
437 5052 587 5107 tenebrosis
602 5054 707 5109 delictis
722 5055 843 5123 praebere
859 5070 921 5125 pos-

129 5149 202 5205 sunt,
213 5140 257 5209 qni
270 5140 303 5194 ad
319 5143 487 5210 praesentiam
501 5144 558 5197 reri
573 5143 691 5203 lauriuis.
708 5143 822 5197 [irrraiuo
837 5144 920 5199 mise·

130 5243 220 5299 rante,
238 5236 404 5301 praesentant.
423 5234 544 5289 lidieates
556 5243 643 5288 autem
659 5235 749 5288 eauriu
762 5236 848 5306 sapam
862 5252 921 5290 eou-

128 5335 269 5391 eertantnr,
292 5327 400 5397 quando
416 5328 495 5397 impia
510 5327 563 5381 rita
578 5327 717 5394 derelicta,
742 5328 775 5381 ad
792 5329 849 5397 ejus
864 5343 921 5384 eoe·

128 5422 218 5488 perint
248 5418 374 5473 tesaurus
397 5419 525 5474 remedia.
559 5419 662 5472 Peceuti
687 5420 757 5473 euim
784 5435 919 5475 attentares

128 5523 177 5566 sua
198 5511 267 5565 laeta
283 5510 426 5582 retugium,
440 5519 466 5564 et
482 5511 515 5563 ad
529 5511 658 5566 beneheiu
673 5511 778 5566 Domini
796 5512 919 5567 saluber·

130 5600 197 5655 rima
212 5617 242 5655 se
257 5600 432 5657 festinatione
454 5611 623 5657 eorrvertunt.
648 5601 719 5656 ielis
746 5604 836 5672 itaque
860 5602 920 5672 luga

124 5693 272 5746 eriminum
288 5691 394 5747 liorniai
410 5695 549 5762 transiisse
565 5693 715 5768 relupiuur,
737 5694 805 5750 sicut
827 5693 854 5752 ia
868 5695 921 5752 alio

973 4603 1058 4650 terror.
1080 4590 1304 4658 Perserrttaadum
1316 4592 1396 4647 etiarm
1411 4591 1488 4645 urtlris
1500 4600 1550 4653 est,
1562 4604 1645 4659 quare
1656 4589 1767 4656 dixerit,

973 4686 1181 4756 priuropeuitnur,
1194 4683 1269 4752 quasi
1283 4698 1347 4738 rora
1362 4684 1440 4736 briter
1453 4685 1493 4737 sic
1504 4683 1629 4751 genuerit
1640 4681 1768 4736 substau-

974 4776 1072 4830 tialiter
1088 4774 1196 4842 Filium,
1223 4784 1252 4828 ut
1270 4774 1482 4844 subsequeretur
1504 4783 1531 4828 et
1548 4773 1626 4826 alius.
1647 4772 1702 4828 Sed
1717 4771 1769 4828 hoe

974 4868 1118 4924 locutionis
1138 4882 1222 4938 genus
1233 4867 1379 4937 Scripturas
1393 4867 1492 4921 diuinae
1507 4875 1612 4920 constat
1628 4880 1691 4920 esse
1707 4880 1770 4936 pro·

974 4963 1082 5033 prium;
1106 4962 1175 5014 sicat
1188 4967 1228 5014 cst
1243 4968 1271 5014 et
1290 4959 1353 5012 illud
1370 4960 1395 5013 iu
1421 4959 1564 5027 Evangelio
1579 4957 1612 5011 de
1625 4957 1727 5027 loseph
1742 4969 1769 5015 et

974 5056 1067 5123 ttartu,
1083 5056 1127 5111 utu
1142 5056 1197 5108 ait:
1223 5053 1257 5107 Et
1275 5071 1326 5107 nou
1340 5055 1457 5126 aspirarit
1478 5070 1545 5118 aaut,
1566 5054 1647 5106 daus·
1671 5055 1770 5122 peperit

974 5149 1056 5218 {iliram
1077 5164 1151 5200 suum
1164 5146 1360 5216 priatopeas'tam
1380 5144 1489 5218 (blattis.
1514 5160 1533 5208 t,
1555 5144 1613 5214 25).
1640 5144 1768 5215 Nonquia!

975 5253 1143 5308 consequeus
1159 5238 1222 5301 erit,
1243 5247 1273 5292 ut
1289 5238 1362 5308 virga
1378 5252 1486 5306 semper
1501 5237 1582 5291 blatis
1599 5247 1661 5306 post
1676 5237 1770 5292 Drumi-

976 5349 1039 5387 uum
1053 5331 1144 5387 lesura
1161 5331 1296 5385 Claristam
1317 5331 1429 5384 alteram
1457 5331 1595 5399 peperisse
1619 5329 1771 5386 credatur?

977 5423 1029 5479 Sed
1044 5424 1111 5478 bene
1126 5422 1223 5476 dfcitur
1238 5421 1439 5493 Priraopenitus,
1466 5423 1588 5491 qrranrris
1604 5422 1679 5478 solus
1709 5438 1771 5492 pre-

975 5513 1053 5568 hctar
1064 5530 1095 5568 er
1109 5515 1197 5567 Patris
1221 5513 1369 5568 salutantia
1385 5514 1502 5583 genitus.
1524 5514 1583 5581 ipse
1596 5517 1670 5570 euim
1682 5515 1771 5573 dicit:

976 5604 1032 5678 Epo
1046 5624 1101 5661 surra
1117 5607 1201 5676 ‚ttpttu
1216 5616 1237 5660 et
1257 5605 1363 5676 Ouespa,
1377 5605 1475 5673 primas
1487 5615 1510 5659 et
1523 5605 1689 5675 norissimus,
1719 5608 1771 5660 irri-

977 5699 1039 5752 liuta
1050 5707 1073 5752 et
1085 5699 1155 5767 duis,
1168 5699 1286 5769 princeps
1296 5708 1319 5752 et
1333 5697 1405 5769 oripo
1418 5695 1500 5751 Darld
1513 5696 1633 5770 (Aperui.
1646 5714 1713 5767 xrrt,
1727 5701 1767 5766 ltu,
