3802 6120
153 320 206 378 68]

604 323 787 382 EszStuiu
805 323 837 381 lh
858 320 1087 382 tenetentum.
1108 322 1205 381 PSAL.
1225 324 1325 380 xct'tl.

1738 320 1790 379 tut

154 436 206 491 mei
223 435 339 493 solutore
359 451 431 499 ιιιιι
457 435 532 504 idae.
553 453 583 506 u,
597 439 655 511 etl).
680 437 720 494 hd
745 437 946 508 exprimendam
960 440 1115 502 hadrentu
1129 439 1235 495 Domini
1253 454 1327 508 spem
1341 397 1421 494 suam!
1431 438 1534 510 integra
1550 437 1692 493 deuotione
1704 450 1786 505 repe⁴

153 542 261 597 quoqne
271 530 309 583 rei
320 528 495 585 clarissimam
509 531 660 596 ueritatem,
675 530 872 600 sequitur,eute
884 545 945 584 corr·

153 628 268 691 apertam
290 621 421 693 gentiam
435 622 503 676 sicot
517 630 544 676 et
563 620 693 677 ieremias
707 621 772 676 dicit
786 639 792 674 :
808 620 872 676 Post
891 621 946 676 hece

152 710 179 763 ιιι
199 711 275 765 terrie
288 711 355 764 uitae
374 720 424 777 est,
439 718 463 764 et
487 727 545 765 eam
563 710 708 767 hominibus
726 722 888 767 coarmantur
908 722 945 767 eat

152 798 268 869 (ttamen
285 814 325 869 ιιι,
353 801 411 874 38).
427 804 547 872 addicit,
570 805 690 859 revelarit
699 806 829 875 jutitiam
851 821 946 859 ruam:

154 895 217 965 qnia
239 896 316 964 prius
334 895 384 951 sub
398 897 514 967 quodam
530 897 662 952 velamine
678 897 839 967 praedicatus
860 897 946 952 iuerat

154 1004 204 1059 per
213 989 372 1059 prophetas,
389 1005 442 1055 quo
453 989 584 1045 subducto
596 991 623 1045 in
637 990 751 1046 aduentu
766 988 824 1060 ejus
835 989 892 1058 ipsa
908 988 949 1044 ia·

153 1080 210 1137 cies
225 1082 348 1136 veritatis
372 1083 504 1153 apparuit.
529 1083 561 1138 Et
580 1092 641 1138 nota
658 1083 727 1154 quod
752 1084 811 1152 ipse
832 1082 945 1149 dexteru,

153 1170 213 1239 ipse
228 1168 372 1237 bracilam,
388 1170 445 1240 ipse
454 1173 579 1238 salutare,
595 1173 653 1242 ipse
668 1173 755 1228 Patris
770 1173 873 1228 dicatur
888 1187 949 1228 esse

150 1259 276 1331 justina,-
292 1268 320 1314 ut
339 1274 419 1314 unam
436 1261 489 1316 illic
509 1263 695 1329 substantiam,
717 1279 796 1318 unam
816 1263 948 1332 intelligas

152 1366 215 1407 esse
230 1352 388 1421 potentiam.
397 1352 424 1407 ln
436 1368 487 1424 qua
498 1353 569 1408 enim
583 1364 657 1423 parte
668 1362 822 1424 potestesse
832 1354 947 1419 diuisus,

153 1444 201 1516 qui
214 1460 270 1502 non
286 1445 383 1500 similia
398 1443 458 1517 [mr.
468 1446 515 1510 A..
529 1445 690 1519 dissimili-al,
702 1444 749 1501 sed
762 1445 849 1500 omnia
866 1445 949 1515 ipsius

154 1535 256 1591 hahere
267 1533 406 1590 [irmaturl
428 1535 497 1590 sicut
512 1536 608 1606 ipsein
625 1535 770 1605 Errrngclio
783 1535 867 1590 dicit:
885 1534 948 1590 Orra-

1001 533 1066 590 suit.
1083 517 1219 601 Sequitur,
1236 541 1345 596 cantate,
1358 538 1381 584 et
1392 529 1525 594 exsultate,
1540 537 1563 584 et
1578 527 1689 596 psallite.
1701 527 1788 582 terte

1000 623 1070 680 cuim
1088 623 1145 679 hee
1158 624 1281 691 quamvis
1297 621 1437 678 rideantur
1451 635 1511 677 esse
1525 620 1634 683 similia,
1648 619 1733 684 aliqua
1746 625 1787 673 ta·

1000 727 1062 768 meu
1083 712 1246 768 discretione
1264 720 1434 780 separantur.
1450 710 1560 765 Contere
1573 719 1615 764 est
1635 706 1787 779 gravissimi

1000 804 1145 881 Christiani
1170 804 1225 860 oris
1249 803 1337 860 olhcio
1361 802 1452 858 laudes
1476 801 1590 856 Domino
1616 813 1785 870 person.rre;

1000 895 1140 961 exsultare,
1156 909 1216 950 cum
1229 908 1323 964 magua
1336 892 1478 948 attentione
1491 890 1572 946 animi
1588 900 1648 946 rota
1667 888 1788 945 declara-

1000 1003 1048 1054 re;
1074 988 1194 1057 psallere,
1213 987 1292 1042 bouis
1308 985 1434 1054 operibus
1453 985 1557 1039 Domini
1574 983 1697 1039 mandata
1712 997 1789 1038 com-

1001 1080 1084 1148 plere.
1101 1078 1176 1146 Quod
1195 1079 1256 1133 ideo
1270 1084 1424 1132 commonet
1445 1074 1630 1145 multipliciter
1643 1073 1710 1140 heri,
1726 1073 1790 1142 qnia

1001 1170 1107 1225 diuersa
1122 1169 1157 1224 ihi
1175 1167 1343 1237 gaudendum
1355 1173 1397 1221 est
1418 1165 1547 1220 varietate
1562 1164 1700 1219 uirtutum.
1725 1162 1790 1228 Qum

1002 1261 1088 1332 ligura
1114 1260 1213 1315 dicitur
1238 1260 1424 1328 homoptoton,
1451 1257 1513 1328 qnia
1537 1256 1564 1312 in
1586 1256 1688 1311 similes
1710 1271 1791 1311 sonos

1000 1353 1124 1408 exierunt
1143 1351 1224 1406 rerba
1246 1351 1369 1420 diversa,
1392 1349 1488 1414 idest,
1505 1346 1626 1420 juhilate,
1652 1345 1790 1411 exsultare,

1000 1452 1108 1509 cantate,
1124 1451 1148 1496 et
1158 1442 1269 1514 psallite.

1036 1534 1114 1589 Vere.
1129 1534 1156 1589 6.
1173 1531 1282 1587 Psallite
1305 1529 1416 1586 Domino
1431 1531 1458 1585 in
1472 1529 1583 1599 eithara,
1605 1530 1633 1586 iu
1655 1529 1755 1586 cithara
1770 1539 1792 1584 et

152 1632 200 1685 reia
217 1630 304 1685 Patris
322 1646 378 1684 meo
390 1637 461 1699 runt,
476 1639 500 1684 et
516 1630 601 1684 onruia
617 1644 671 1685 urea
686 1629 772 1683 Putria
784 1639 844 1683 aaut
860 1627 949 1702 (ioan.
1001 1641 1059 1681 uoce
1072 1624 1175 1698 psalmi.
1191 1621 1372 1679 Pulcherrima
1386 1620 1437 1676 sibi
1447 1619 1618 1688 copulatione
1637 1619 1717 1676 uerba
1739 1619 1789 1674 ista

153 1737 221 1789 ιιιι,
240 1721 297 1789 tu).
1001 1715 1102 1771 sociata
1121 1722 1194 1780 sunt,
1209 1721 1237 1768 ut
1257 1710 1399 1782 quamdam
1414 1708 1581 1765 harmoniam
1600 1718 1628 1764 et
1643 1708 1698 1780 ipsa
1714 1709 1790 1764 dese

191 1812 272 1869 l'ers.
283 1813 311 1867 ι.
330 1811 430 1867 lleruor
445 1813 493 1884 luit
510 1813 692 1868 oriaerieordioe
704 1829 759 1868 sure
769 1813 860 1881 locui,
872 1825 894 1868 et
908 1830 951 1868 oe·
965 1780 988 1840 B
1002 1814 1089 1869 iacere
1104 1810 1254 1866 rideantur.
1271 1809 1438 1865 hdhihentur
1450 1809 1521 1864 enim
1536 1808 1711 1863 instrumenta
1723 1807 1801 1865 artis,

153 1903 239 1958 ritatir
261 1919 315 1957 suae
332 1903 422 1957 domui
438 1903 537 1967 terere
557 1905 675 1960 uiderunt
695 1922 780 1959 omnes
792 1906 856 1974 fines
877 1915 951 1961 terrae
1002 1906 1112 1961 musicae
1122 1904 1155 1959 ad
1168 1904 1346 1960 exercendum
1356 1917 1423 1971 opus
1437 1904 1562 1968 coeleste;
1578 1901 1648 1972 quod
1663 1916 1789 1956 necessa·

152 1992 270 2048 solatore
286 1991 333 2047 Dei
348 1993 437 2047 nostri.
456 1993 554 2048 llerrror
564 1995 613 2065 tait
627 1994 727 2050 dicurm
742 2005 792 2060 est,
812 1995 872 2065 quia
889 2011 949 2066 pro·
1001 1998 1041 2054 rie
1051 1997 1159 2063 dicitur,
1179 2005 1210 2052 ut
1223 1996 1267 2052 illa
1283 1995 1412 2066 perfectio
1431 2010 1478 2065 per
1492 1994 1622 2065 quasdam
1637 1992 1790 2049 similitudi·

153 2082 399 2152 nrissacomplerit.
411 2082 617 2139 llaecestautem
628 2085 856 2154 promissioqnam
868 2084 950 2142 isaias
1001 2104 1050 2144 nes
1060 2088 1201 2144 indicetur.
1217 2086 1311 2143 Pratiit
1322 2087 1392 2142 cuim
1407 2085 1516 2141 Domino
1526 2087 1551 2140 ιιι
1564 2086 1675 2153 cithero,
1687 2085 1731 2155 qui
1742 2101 1790 2155 per

153 2173 337 2245 prophetarit,
358 2172 470 2230 dicens:
488 2174 588 2229 Videbit
602 2176 683 2230 omnia
700 2192 760 2230 earo
774 2177 888 2231 solutore
903 2175 951 2232 Dei

153 2265 235 2341 (isai.
250 2282 296 2333 cn,
309 2267 366 2338 lh).
381 2267 545 2323 iluicautcm
561 2269 729 2337 promissioni
746 2280 836 2338 epitom
851 2285 948 2328 nomeu

153 2359 314 2430 impositum
340 2367 391 2427 est,
416 2361 598 2415 misericordie
620 2377 688 2426 ruem·
704 2369 733 2416 ut
753 2363 865 2418 Creator
888 2363 949 2419 eceli

153 2463 291 2523 terreque
303 2453 383 2508 homo
398 2451 454 2509 lleri
473 2453 637 2524 dignaretur.
652 2463 679 2510 et
699 2454 844 2510 humanum
864 2470 949 2526 genus

151 2551 328 2612 peecatorum
340 2542 452 2597 uincrrlis
465 2542 610 2613 obligatum
625 2543 754 2599 adrentus
766 2545 805 2598 sui
818 2544 949 2602 heneiicio

153 2632 297 2690 liberaret.
310 2632 391 2688 tarot
410 2632 490 2705 (sicut
504 2647 576 2703 sape
596 2633 723 2704 diximus)
740 2636 866 2706 populum
883 2636 949 2692 Nori

152 2725 323 2781 Testamenti
343 2741 396 2780 nou
421 2725 565 2798 incongruo
587 2727 709 2783 vitiemur
729 2728 851 2799 accipere
867 2747 874 2783 :
889 2731 950 2800 quia

152 2818 229 2873 sicut
242 2811 325 2872 iacob
341 2817 417 2872 irrrtri
430 2818 615 2874 benedictione
631 2822 749 2876 anterior
760 2822 873 2890 exstitit,
889 2837 950 2880 cum

1002 2192 1090 2238 acturo
1115 2181 1251 2236 carnalem
1276 2179 1401 2235 mandata
1419 2179 1567 2234 Divinitatis
1581 2188 1719 2249 operatur,
1743 2179 1789 2248 qui

1001 2275 1130 2333 esurienti
1143 2289 1237 2346 panem
1249 2274 1339 2345 tregit,
1355 2274 1453 2328 nudum
1468 2273 1587 2338 vestivit,
1610 2273 1733 2344 prestitit
1746 2287 1791 2327 so·

1000 2366 1093 2423 latium
1104 2366 1245 2436 destituto,
1261 2375 1393 2423 cleantem
1408 2383 1468 2437 quae
1480 2373 1591 2438 possunt
1605 2366 1729 2434 supernis
1738 2364 1792 2437 jus·

1001 2459 1121 2515 siouihus
1131 2459 1270 2529 applicari.
1283 2458 1419 2529 S'equitur,
1430 2460 1456 2514 ιι
1467 2457 1567 2512 cithare
1581 2468 1605 2512 et
1616 2473 1675 2512 uoce
1685 2457 1788 2528 pechui.

1002 2549 1101 2605 Eadem
1126 2558 1318 2620 praeposterata
1342 2551 1425 2605 uerhu
1450 2549 1608 2620 subjunxit,
1624 2558 1654 2605 ut
1677 2548 1790 2618 quodvis

1002 2643 1074 2714 prius
1087 2658 1181 2699 eorum
1198 2643 1288 2710 iacias,
1305 2652 1387 2699 totum
1404 2654 1491 2700 tamen
1505 2643 1539 2700 ad
1553 2644 1658 2700 Domini
1676 2644 1789 2715 gratiam

1001 2734 1135 2804 pertinere
1149 2748 1305 2803 cognoscas.

1038 2825 1114 2881 vrrs.
1130 2826 1157 2878 t.
1182 2824 1215 2879 ln
1231 2827 1296 2881 tatis
1311 2826 1449 2881 ductilibus
1464 2837 1487 2881 et
1500 2843 1559 2882 eoae
1579 2827 1646 2880 tuine
1668 2840 1789 2889 correcte:

152 2921 250 2984 postea
265 2922 343 2968 natus
366 2913 452 2978 luerit,
470 2913 506 2967 ita
525 2921 552 2967 et
574 2913 725 2969 Christiane
743 2915 817 2984 plehs
832 2917 949 2986 priorem
997 2916 1108 2990 jabilate
1121 2918 1147 2970 in
1159 2927 1293 2984 conspeetu
1308 2917 1383 2988 Degia
1396 2916 1510 2972 Domini.
1529 2917 1718 2986 Respiciamus
1731 2929 1790 2969 om·

151 3005 283 3085 populum
303 3004 448 3076 Synagogae
466 3004 526 3059 hdci
539 3007 673 3074 grc'sihus
693 3007 849 3064 antecessit.
867 3009 901 3064 Et
915 3024 950 3066 ue
1001 3007 1044 3063 nia
1057 3007 1114 3063 hec
1126 3008 1206 3063 rerba
1218 3007 1315 3063 diuinis
1328 3007 1464 3079 mysteriis
1478 3023 1539 3064 esse
1554 3008 1719 3078 plenissima.
1732 3005 1789 3059 Duo

152 3095 323 3151 intellectum
346 3103 465 3150 nostrum
479 3094 583 3150 diuersa
600 3098 738 3152 nominum
754 3097 982 3175 dissimilitudoc
1000 3114 1098 3170 genera
1111 3099 1192 3155 luisse
1206 3099 1327 3155 tubarum
1346 3100 1380 3154 ad
1393 3100 1521 3171 quosdam
1535 3097 1724 3154 similitudines
1740 3112 1788 3153 cx-

152 3185 312 3251 eoniundot,
325 3194 522 3255 perscrutemur
535 3200 618 3256 quare
629 3186 746 3242 additum
762 3188 806 3255 sit,
824 3198 847 3241 et
859 3190 950 3243 uerita-
1000 3190 1156 3261 primeudas
1175 3191 1246 3261 apud
1270 3191 1407 3257 llehrmos,
1432 3191 1609 3246 humerorum
1631 3190 1707 3245 nohis
1722 3189 1790 3242 liher

151 3273 467 3341 tistaoectomuiisrael;
483 3284 579 3331 utnon
595 3277 680 3331 solum
699 3276 749 3332 hoc
763 3277 853 3332 datum
867 3280 947 3335 intel·
999 3282 1117 3337 insinuat
1137 3281 1230 3354 (Naar.
1252 3298 1279 3348 x,
1299 3281 1339 3350 ι).
1358 3282 1444 3338 Unum
1468 3283 1539 3354 quod
1559 3291 1670 3354 argento
1692 3280 1790 3339 ‹luetili

152 3367 301 3436 ligeremos
319 3366 416 3435 populo
442 3366 485 3434 qui
506 3376 564 3435 post
586 3366 727 3421 adrentum
743 3368 845 3423 Domini
861 3370 949 3427 dictus
1000 3371 1186 3437 iormahatur;
1208 3374 1258 3428 hoc
1269 3373 1302 3428 ad
1316 3373 1443 3443 Spiritum
1459 3385 1593 3439 sanctum,
1609 3373 1655 3444 qni
1670 3388 1716 3442 per
1730 3387 1791 3441 pro-

153 3467 196 3514 est
212 3459 398 3526 Clrristiaons,
418 3459 465 3513 sed
487 3460 567 3513 etiam
592 3457 628 3512 illi
648 3459 692 3528 qui
712 3474 773 3515 euru
790 3460 825 3516 de
841 3461 949 3534 Virgine
1001 3465 1097 3535 phetas
1112 3465 1216 3522 locutus
1236 3471 1287 3531 est,
1311 3476 1494 3537 competenter
1509 3474 1624 3535 aptatur.
1640 3467 1790 3535 Argenteus

152 3549 681 3607 nasciturumessecrediderunt.1sroei
695 3553 766 3606 enim
782 3554 950 3624 significatur
1003 3559 1074 3611 enim
1089 3572 1104 3613 a
1117 3557 1247 3614 munditia
1267 3557 1364 3615 dicitur
1377 3570 1403 3613 et
1416 3559 1533 3616 carrdore
1549 3561 1707 3622 seiherum
1722 3559 1791 3613 sicut

154 3645 245 3699 omnis
256 3644 343 3700 tidelis
355 3645 399 3715 qui
413 3645 495 3700 Deum
512 3661 576 3714 pora
594 3655 682 3722 merite
696 3651 877 3718 conspexerit.
898 3651 947 3705 hli—
1002 3647 1064 3702 alibi
1078 3649 1134 3717 ipse
1148 3649 1229 3705 dicit:
1247 3648 1356 3718 Eloquia
1370 3651 1475 3706 Douriui
1489 3650 1590 3721 eloquia
1602 3660 1683 3715 easta,
1696 3667 1791 3722 arqen-

155 3735 330 3790 serieordiam
356 3737 446 3806 posuit
461 3736 486 3789 in
499 3735 593 3803 iacob,
617 3746 644 3792 et
658 3739 796 3794 ueritatem
813 3741 839 3794 in
854 3741 946 3797 lsrael.
1001 3747 1054 3794 tam
1067 3741 1125 3810 igue
1136 3742 1318 3808 examinatum,
1334 3752 1408 3797 terre
1427 3751 1561 3812 purpertam
1575 3744 1720 3810 septuplum
1731 3739 1789 3811 (Pr.

157 3823 340 3880 Misericordia
351 3828 449 3897 qnippe
461 3827 520 3891 init,
529 3828 636 3897 quando
644 3828 778 3885 homiuem
789 3831 948 3888 liherntnrus

158 3915 281 3975 aduenit:
297 3918 399 3984 aeriam,
416 3918 618 3987 quandosancti
634 3919 700 3974 iacie
711 3920 855 3986 adfaciem
871 3922 948 3978 uide·

158 4004 235 4073 hunt,
258 4022 337 4074 qrrem
356 4009 403 4063 hic
419 4007 499 4079 (sicut
515 4009 580 4065 dicit
601 4013 757 4082 Apostolus)
772 4014 798 4066 ira
815 4014 949 4083 aenigmate

160 4113 202 4166 per
218 4098 351 4166 speculam
370 4100 396 4172 ll
420 4101 480 4155 Cor.
497 4118 555 4171 ιιιι,
573 4101 617 4164 te)
636 4113 807 4163 contuentur.
829 4107 946 4175 eddidit,

160 4189 274 4241 ciderunt
297 4206 383 4244 omues
397 4192 461 4260 fines
481 4201 555 4247 terroe
578 4194 690 4248 saltatore
711 4194 761 4250 Dei
774 4198 866 4252 nostri.
890 4199 948 4266 Quo

161 4278 230 4336 dieto
254 4281 441 4338 hereticorum
463 4288 581 4352 pravitas
597 4289 684 4342 omnis
699 4290 808 4343 exclusa
830 4299 882 4355 cst,
902 4291 947 4361 qui

162 4383 255 4441 potam
274 4377 378 4432 Domini
394 4379 541 4436 salvatoris
563 4381 675 4439 localem
689 4398 844 4440 concessam
869 4386 948 4442 terris

1002 3844 1041 3897 ιι,
1054 3828 1093 3901 i).
1109 3828 1253 3884 Ductitilas
1264 3838 1352 3885 autem
1373 3831 1507 3900 significat
1520 3831 1581 3900 quia
1597 3830 1689 3885 tudetes
1704 3830 1792 3884 diter·

1000 3920 1038 3976 sis
1052 3920 1222 3992 passionibus
1231 3923 1313 3993 328
1326 3922 1396 3977 tunsi
1411 3923 1537 3991 (Domino
1551 3922 1690 3993 largiente)
1706 3922 1788 3990 prod-

1001 4012 1093 4079 ciunt,
1108 4021 1136 4067 et
1149 4020 1223 4066 tanto
1244 4013 1302 4080 plus
1320 4022 1456 4080 creseunt,
1477 4022 1577 4083 quanto
1596 4011 1710 4082 atriplius
1730 4010 1790 4064 duri

1001 4101 1090 4156 mallei
1106 4101 1204 4157 luerint
1222 4101 1363 4158 iteratione
1381 4104 1511 4170 percussi.
1528 4102 1638 4159 llalleus
1657 4100 1728 4156 enim
1749 4109 1793 4156 est

1002 4194 1140 4262 diabolus,
1157 4196 1251 4266 dequo
1265 4196 1393 4265 propheta
1403 4194 1482 4250 dicit:
1492 4194 1621 4250 Contrimr
1635 4201 1672 4248 eat
1684 4192 1792 4248 malleus

1002 4287 1124 4340 aniame
1138 4295 1210 4340 tetroe
1226 4285 1291 4355 (der.
1309 4302 1334 4349 ι,
1349 4285 1408 4358 23).
1425 4285 1482 4341 Vox
1497 4293 1539 4342 cst
1552 4293 1641 4342 autem
1656 4285 1723 4340 taltoe
1736 4300 1793 4340 eer-

1003 4393 1057 4432 rreee
1071 4378 1203 4447 patientia
1217 4376 1271 4433 hun
1285 4378 1436 4446 tolerantia,
1451 4393 1512 4449 quae
1525 4378 1599 4434 uelut
1614 4393 1711 4434 cornea
1725 4379 1791 4434 suh·

161 4463 240 4522 inisse
248 4467 391 4528 culturam.
405 4470 541 4540 Viderunt,
554 4472 628 4542 dicit,
639 4483 729 4530 urente
741 4489 949 4545 conspexerunt,
964 4452 1098 4527 Druentia
1115 4471 1141 4526 in
1158 4470 1221 4527 uiris
1244 4470 1366 4527 ildclibus
1385 4486 1477 4526 amore
1501 4470 1607 4526 Domini
1627 4479 1793 4540 perseuerat.

160 4558 227 4624 qood
251 4573 301 4626 pcr
316 4566 399 4614 totum
422 4563 550 4617 mundum
573 4573 679 4619 constat
693 4566 828 4621 ellectum.
853 4566 950 4635 Quanti
1002 4564 1050 4623 ilis
1065 4577 1129 4636 ergo
1146 4563 1215 4619 tuhis
1232 4564 1320 4634 psallit
1333 4562 1511 4633 Doruino,qui
1523 4561 1796 4633 utrisqucuirtutibut

156 4660 217 4706 anot
232 4651 306 4706 enim
321 4653 365 4721 qui
381 4667 442 4709 eum
456 4656 610 4712 carnalibus
624 4659 708 4714 oculis
724 4659 749 4712 in
765 4659 854 4714 iudaea
871 4670 950 4730 gente
1002 4655 1115 4711 deuotus
1129 4654 1255 4719 exsulat,
1272 4654 1314 4724 qui
1329 4661 1357 4710 ct
1372 4653 1513 4711 Donniunm
1526 4652 1626 4708 mundo
1640 4653 1721 4709 corde
1732 4668 1797 4722 prae·

156 4743 252 4797 ridere
266 4745 428 4811 potuerunt?
442 4743 493 4801 Sed
504 4763 564 4801 crum
578 4747 621 4801 hic
631 4749 712 4817 «licat,
727 4765 816 4804 omnes
824 4751 888 4819 ιιιι
901 4761 952 4806 ter·
1001 4745 1110 4811 dicauit,
1126 4745 1222 4813 eteius
1236 4743 1447 4799 misericordiam
1459 4743 1594 4812 patientia
1607 4743 1704 4798 virtute
1714 4744 1795 4799 susti·

149 4843 197 4904 ιω,
216 4835 332 4888 ιΙιιιιιιιιιι
353 4850 406 4890 non
428 4847 468 4892 est
488 4838 521 4891 ad
542 4838 619 4893 hiem
642 4854 702 4894 esse
719 4839 901 4908 relereudum,
923 4850 952 4897 ut
1004 4838 1071 4892 nuit.
1097 4835 1233 4906 Sequitur,
1255 4832 1369 4888 indilate
1383 4833 1410 4888 iu
1430 4841 1567 4906 conspectu
1584 4831 1659 4905 Regis
1680 4832 1794 4888 Domini.

143 4930 233 4984 nrthis
246 4928 330 4997 possit
346 4931 444 4986 ueritas
460 4943 585 4986 constare
599 4932 752 4987 uerborum.
1003 4929 1143 4999 Conrpleta
1160 4939 1200 4983 est
1218 4928 1243 4981 in
1263 4926 1314 4981 hoc
1330 4935 1473 4993 commate,
1493 4941 1552 4994 quae
1568 4924 1596 4980 io
1611 4925 1796 4995 superioribus

188 5019 272 5072 vers.
294 5019 320 5074 5.
345 5020 458 5076 iubilate
484 5020 550 5087 Deo,
575 5025 656 5078 omnir
683 5034 769 5088 temo,-
793 5032 905 5090 cantate,
928 5034 951 5080 et
1004 5019 1265 5089 partihossuspcusn
1281 5016 1647 5073 videbaturesscscnteotia.
1664 5016 1794 5072 lliceuim

133 5111 291 5175 ετιιιιιιιε,
308 5119 331 5166 et
351 5113 464 5183 psallite.
488 5112 565 5169 Venit
581 5113 615 5169 ad
630 5115 776 5169 secundam
791 5124 905 5184 partem,
923 5117 950 5172 in
1004 5111 1069 5165 dicit
1083 5110 1129 5169 uhi
1143 5111 1178 5165 sit
1197 5108 1374 5179 jubilandum,
1389 5108 1434 5164 ubi
1449 5109 1623 5175 cantandum,
1641 5109 1684 5164 uhi
1705 5108 1796 5164 exsul-

133 5211 201 5268 ἰιι
217 5217 373 5259 commonet
386 5205 498 5261 dirersis
511 5207 624 5262 modica
641 5207 744 5261 devotis
758 5222 819 5263 csse
832 5208 951 5276 ganden-
1005 5205 1125 5270 mnndum,
1148 5205 1192 5260 uhi
1209 5203 1387 5273 psallendum,
1405 5203 1448 5257 tubi
1472 5203 1500 5258 iu
1520 5202 1621 5272 psalmo
1635 5202 1796 5257 citharizan·

125 5290 228 5352 Qum.
246 5295 301 5352 Sed
319 5297 351 5351 ad
367 5297 495 5366 iudicium
514 5299 618 5354 Domini
639 5308 824 5365 competenter
839 5300 888 5353 ista
904 5315 950 5354 re·
1004 5299 1077 5362 deiru,
1094 5298 1138 5352 uhi
1160 5298 1185 5350 iu
1201 5297 1303 5350 cithara
1326 5294 1547 5365 psalmizandum,
1571 5295 1615 5349 uhi
1629 5294 1794 5364 jubilandum

127 5376 289 5455 feruntur,
307 5388 332 5442 in
347 5403 401 5458 quo
411 5399 438 5443 et
451 5389 568 5457 psalmos
582 5391 631 5444 iste
645 5391 764 5445 noscitur
778 5391 945 5444 terminatus.
1001 5390 1027 5444 in
1046 5391 1115 5445 tobis
1142 5389 1286 5443 ductilibus
1301 5397 1328 5444 et
1342 5389 1463 5454 corocis;
1490 5387 1593 5441 scilicet
1614 5389 1639 5439 ιι
1660 5396 1796 5454 corrspertu

124 5471 271 5536 aFreirihrte
285 5480 384 5535 dietum
396 5489 447 5548 est,
458 5496 519 5536 cum
533 5497 626 5551 magua
642 5483 821 5537 delectatione
835 5483 860 5536 iu
872 5485 947 5538 uocis
1002 5482 1081 5551 Req'a
1097 5480 1212 5548 Durniur',
1222 5481 1329 5550 qnando
1342 5483 1367 5534 in
1383 5481 1427 5534 illa
1437 5479 1601 5549 judicatione
1608 5477 1673 5549 joui
1687 5479 1796 5547 prumia

123 5573 281 5638 &rudium
297 5574 435 5644 prosilite,
453 5583 480 5630 nt
492 5575 561 5646 qnod
579 5591 630 5628 noo
644 5584 732 5644 potest
745 5578 880 5644 explicare
892 5591 950 5631 scr·
1002 5575 1136 5645 promissa
1155 5573 1292 5643 recipient.
1310 5574 1360 5628 Der
1383 5574 1430 5629 has
1445 5573 1516 5628 enim
1540 5575 1683 5627 uarietates
1696 5569 1796 5644 signid-

128 5669 198 5721 ¹rro
213 5665 428 5731 eouinsmrocis,
446 5667 564 5721 declaret
573 5667 678 5735 eruptio
691 5667 785 5723 devota
796 5667 947 5737 gaudentis.
1001 5666 1201 5722 eaturdiversis
1212 5665 1311 5721 sanetis
1326 5664 1463 5736 operibus,
1477 5663 1593 5719 dirersis
1603 5663 1681 5719 donis
1692 5663 1719 5718 iu
1732 5677 1797 5717 eon·

134 5753 246 5813 Ueteris
257 5767 335 5824 terra,
353 5759 533 5815 universalem
546 5759 666 5830 designet
679 5757 836 5828 Ecclesiam,
851 5775 910 5830 qna>
922 5760 948 5816 iu
1001 5767 1094 5831 spectu
1118 5756 1225 5819 Domini
1239 5772 1301 5815 esse
1323 5756 1511 5830 gnudendum.
1531 5756 1605 5815 Erus
1620 5756 1737 5813 husim
1747 5749 1819 5808 h'm'h
