3794 6128
127 262 194 328 7777

124 386 243 439 7677777777
257 388 414 442 776666117ιὶ7
431 389 497 441 77666
513 388 639 451 utendum,
650 390 705 456 565.
726 387 770 437 7716
791 399 913 447 67767767

124 448 215 520 desinit
232 449 331 503 7766776
353 452 453 516 Deum,
474 449 614 517 6716611777
636 449 756 501 1766677617
768 462 815 520 666
827 447 916 497 oblirl-

125 515 282 633 ει,77167717577777
294 565 490 648 iiliusdexterae,
501 574 557 625 975.
652 608 654 611 v
667 589 668 592 ’
724 542 727 547 ·

157 633 244 684 Bethel
257 640 313 697 qnid
325 637 455 700 significet,
474 637 529 689 517.

158 694 359 749 7766776717777676
372 699 570 749 Perrhernienias
582 700 707 761 exposuit,
720 699 775 748 568.

157 755 277 808 7766777777
286 774 370 811 7677767
384 760 447 811 66117
459 763 569 823 satietas,
590 760 645 810 7178.
668 759 769 820 Quando
790 759 847 808 boni
861 764 917 804 sunt

126 814 248 879 homines,
260 822 315 871 759.
325 823 372 873 Cur
384 824 440 871 honi
451 823 521 872 maiis
529 834 628 884 scuirper
640 821 770 884 opprobrio
791 821 849 875 sint,
861 819 917 868 995.

125 874 179 928 7166
188 881 266 931 761676
278 885 450 934 abstinendum
463 883 564 946 amalis,
578 884 623 933 sed
642 885 731 932 bonurn
745 890 782 951 est
795 893 919 949 perapert-

126 938 344 1000 danr,stuotnnins
353 945 455 1008 gloriam
468 947 578 1008 adipisci,
601 943 655 995 119.
676 947 707 994 t'.
730 946 826 1001 7777777,
849 940 918 1001 777777,

126 1001 262 1066 essemus,
275 1009 387 1066 Sanctus,
407 1010 497 1057 Virtus.

156 1062 287 1118 Brachium
299 1068 355 1132 quid
367 1069 495 1133 signidcet,
507 1069 548 1130 79,
561 1067 614 1131 776,
626 1067 682 1120 tto.

516 1162 535 1213 C

136 1267 139 1272 ·
158 1240 227 1295 Caiix
237 1247 304 1297 unde
316 1246 453 1305 dictasti,
467 1246 506 1297 55.

158 1304 281 1356 &lamnia
291 1309 379 1357 dicitur
390 1309 477 1370 capitis
488 1307 596 1364 alumna,
608 1312 634 1357 et
644 1306 702 1368 quid
713 1306 753 1364 sit,
764 1303 819 1354 799.

158 1365 332 1431 Calumniator,
344 1371 401 1479 quid
413 1374 453 1424 sit,
464 1371 519 1438 971.

159 1427 242 1492 Campi
254 1431 321 1479 unde
333 1434 347 1478 d
358 1434 402 1486 ctl,
416 1432 470 1479 759.

159 1490 263 1542 Caurum
273 1493 332 1553 quid
343 1494 385 1554 777,
395 1494 436 1542 77.
450 1492 510 1552 0776
530 1494 562 1542 777
580 1497 689 1546 cantare,
708 1487 844 1548 exsultare,
857 1486 922 1549 psat·

128 1549 260 1615 1676,597.
274 1555 336 1610 Quid
349 1556 380 1604 sit
390 1556 518 1616 canticum,
531 1556 557 1616 5,
569 1554 609 1604 97.
622 1553 685 1612 Ouid
696 1553 728 1600 sit
746 1551 866 1621 cauticum
878 1561 923 1596 uo·

128 1625 194 1673 7676,
209 1613 264 1673 155,
276 1616 330 1664 tas.
343 1617 443 1674 Quando
455 1616 508 1665 Deo
519 1622 618 1677 7676677
641 1622 680 1663 677
700 1626 747 1663 uox
771 1616 922 1673 canentium,

128 1676 184 1726 557.
201 1679 232 1725 t'.
245 1675 365 1739 Paullere,
382 1677 501 1729 Paulinus.
822 1737 826 1746 ¹
851 1735 856 1745 ,

160 1735 258 1787 Cantica
271 1742 428 1789 canticorum.
440 1739 488 1790 Cur
507 1737 572 1788 liher
584 1745 694 1795 vocetur,
706 1736 761 1786 565.
773 1733 838 1784 1111771
851 1748 873 1782 76
894 1745 922 1782 76

130 1796 206 1848 habet
218 1802 281 1862 quod
292 1801 360 1863 juxta
373 1802 479 1852 litteram
499 1801 603 1862 intelligi
616 1801 702 1861 possit,
716 1799 772 1848 557.
785 1797 845 1846 Eum
858 1807 923 1844 6677-

128 1867 252 1910 mentatus
264 1870 303 1913 est
313 1863 445 1926 Driaencs,
457 1862 511 1914 579.
532 1861 691 1924 Epiphanius,
704 1859 798 1932 mus·
820 1858 923 1930 imbro-

128 1922 537 1975 71671611676777777717767777667
555 1922 630 1972 multa
648 1921 681 1972 de
701 1920 800 1978 Canhm
816 1927 924 1968 cauticu-

131 1994 185 2031 rum
195 1985 321 2048 explanat,
334 1986 389 2039 579.

161 2044 259 2158 61766ἓὲ
270 2051 390 2112 67676666
402 2049 502 2109 dictum,
515 2047 569 2098 579.
584 2044 648 2106 Quid
668 2058 714 2110 per
736 2050 809 2108 caput
830 2042 924 2092 debeat

130 2118 172 2156 acc
200 2122 217 2156 r·
261 2144 269 2160 .

161 2123 251 2220 877767
259 2172 325 2223 uuile
336 2172 426 2236 dictus,
438 2173 493 2223 779.
508 2170 605 2234 Duplici
626 2169 698 2225 modo
710 2178 836 2220 carcerem
850 2165 924 2217 intel-

129 2227 249 2297 leserunt
260 2234 375 2306 majores,
388 2235 443 2285 779.
586 2261 588 2264 <

161 2292 285 2343 Carmelus
297 2302 473 2358 interpretatur
485 2295 588 2345 scientia
598 2293 800 2351 circumcisionis,
814 2291 867 2341 598.

161 2354 222 2404 Caro
233 2355 298 2406 unde
309 2356 383 2419 dicta,
393 2359 448 2408 9718.
468 2357 529 2407 Caro
542 2355 651 2419 pluribus
670 2362 731 2417 eget
749 2366 821 2415 quam
832 2353 921 2422 anima,

130 2415 186 2466 9776.
198 2415 245 2466 Cur
256 2429 313 2466 6776
335 2429 416 2468 667777
437 2419 484 2468 77777
498 2418 628 2479 Dahplouls
644 2415 749 2475 ducatur,
771 2414 825 2464 765.
840 2413 924 2463 Carnis

130 2478 252 2527 desideria
266 2478 345 2540 laquei
357 2489 422 2539 sunt,
436 2480 489 2528 778.
503 2479 589 2528 Carnis
610 2478 669 2527 uitia
691 2485 747 2526 sunt
768 2482 867 2524 terrena
879 2473 924 2521 de·

133 2541 197 2597 tir-ta,
211 2538 265 2587 717.
279 2540 324 2590 7776
337 2554 395 2590 7676
407 2556 454 2590 666
467 2541 555 2590 vivitur
567 2541 607 2588 ubi
619 2539 698 2588 caruis
710 2537 844 2598 fragilitate
856 2548 923 2607 'pec-

132 2608 210 2654 eatur,
223 2599 277 2649 716.
292 2600 318 2650 16
332 2610 441 2654 77676676
455 2601 567 2659 76177767,
582 2601 621 2650 661
633 2600 690 2650 sitia
710 2597 924 2669 carnisdomrnau-

131 2670 179 2719 tur,
200 2663 255 2713 585.
271 2663 301 2713 7’.
328 2660 427 2714 Vitiatio.
450 2664 477 2714 ln
499 2664 594 2724 77677177
615 2662 694 2710 677677
714 2660 877 2712 7667777167ῑί6,
899 2671 925 2707 76

132 2728 205 2772 76676
224 2737 284 2772 7676
300 2728 433 2774 orationum
445 2727 543 2775 ‹ies-otio
554 2722 680 2785 accipitur,
694 2721 747 2772 576.
761 2722 822 2771 Caro
843 2726 925 2772 nostra

132 2787 221 2833 turturi
233 2797 393 2847 comparatur,
404 2789 459 2837 955.

162 2845 266 2896 Cassiani
279 2845 341 2896 liber
350 2850 381 2898 66
393 2849 549 2899 incitatione
560 2845 730 2896 monachornm
742 2843 828 2893 sedulo
837 2843 925 2914 legen-

132 2907 185 2964 dus,
198 2909 284 2957 55571
309 2911 381 2959 776776
405 2911 523 2970 l'rospero
540 2908 661 2971 culpatus,
682 2909 737 2959 555.
758 2907 819 2956 llum
844 2907 925 2953 176767

132 2968 303 3030 hartprhanns
316 2976 438 3035 purgavit,
450 2971 511 3021 itio.
847 3030 851 3038 ⁴

164 3031 320 3080 Cassiodorus
338 3045 435 3082 omnent
453 3037 600 3094 scripturam
623 3045 677 3081 cum
698 3031 783 3091 priscis
802 3027 923 3100 codicibus

133 3092 245 3153 66676177,
258 3094 314 3143 558.
329 3093 408 3143 067777
417 3096 472 3143 uchi
487 3103 581 3144 testum
596 3097 619 3142 16
632 3093 802 3153 compendium
815 3091 923 3147 76776677,

134 3152 187 3203 ath.
213 3153 292 3205 Libris
321 3154 414 3216 Rugum
438 3156 522 3206 titulos
549 3157 654 3218 67771717
674 3154 839 3204 Cassiodorus.
869 3151 924 3222 577).

134 3218 224 3263 hoctor
238 3227 271 3266 rst
285 3217 399 3265 librorum
418 3218 449 3266 66.
471 3220 558 3268 7167677
577 3225 602 3266 et
614 3217 748 3272 1177777667,
763 3216 815 3263 7911.
829 3214 877 3262 (hir
897 3214 926 3261 h-

135 3275 381 3329 hiumiostitutionis
399 3277 846 3331 617177767616767777766661667711.
867 3277 925 3323 5571

135 3336 233 3386 Librum
245 3341 277 3388 de
290 3339 414 3389 Diuisione
424 3344 568 3402 composuit,
581 3342 634 3391 576.
646 3340 675 3388 lit
683 3340 781 3401 geuuiua
790 3345 925 3384 connnenra

135 3400 159 3446 ln
171 3400 406 3460 accomodatam.
419 3402 447 3450 16
459 3405 567 3452 nicoisas
579 3405 644 3450 orbis
659 3408 741 3462 partes
752 3402 879 3446 direxerat
896 3399 925 3443 ad

135 3460 211 3509 libros
230 3464 417 3525 conquirendos,
430 3464 484 3515 577.
503 3464 639 3515 cassiodori
661 3462 690 3509 777
711 3461 831 3508 Christum
848 3463 926 3507 oratio

136 3522 301 3585 desertissima,
314 3524 369 3574 659.
389 3529 418 3573 i'.
434 3526 574 3576 7776767776.

168 3581 248 3633 Castra
262 3598 274 3631 a
287 3590 397 3636 castitate
410 3588 481 3646 diota,
496 3588 551 3636 9777.
784 3646 789 3654 ,

169 3643 305 3708 Cetegorim
318 3649 458 3698 Aristotelis·
469 3658 526 3698 7677
544 3650 642 3710 decem,
655 3646 709 3697 568.
723 3645 771 3696 Cur
784 3653 878 3693 intente
888 3644 927 3692 lo·

137 3708 235 3767 667716,
249 3710 303 3761 hid.
318 3709 481 3759 iustrumenta
494 3713 672 3773 citegoriarnnt
684 3718 740 3757 sunt
756 3709 811 3766 tria,
833 3706 927 3755 76717767

136 3770 396 3880 7766ἐί’,6676677667
411 3773 597 3882 dalmanutha,
611 3775 663 3823 568.

177 3867 185 3877 .
229 3845 384 3882 7777776766
400 3847 448 3888 767,
494 3872 499 3881 .

169 3890 288 3941 Cathedra
300 3896 357 3957 quid
369 3898 411 3955 sit,
427 3896 462 3943 79.

167 3950 242 4002 Catuli
255 3959 319 4005 uude
331 3959 354 4006 di
370 3958 397 4015 li,
408 3956 464 4005 551.

168 4013 244 4064 Consu
254 4032 266 4062 :r
280 4028 335 4065 casn
348 4019 421 4076 dictu,
434 4018 487 4069 976.
507 4017 635 4066 Causarum
649 4027 732 4080 partes
747 4024 825 4067 status
842 4014 928 4064 dicon-

138 4080 186 4130 tur,
203 4083 227 4124 et
241 4090 326 4127 curum
339 4079 478 4135 divisiones,
492 4081 546 4128 5677.
564 4083 583 4127 l'
607 4080 741 4130 illicioricu.

169 4137 435 4202 7166777676767677767·
448 4143 567 4200 76666776,
581 4142 635 4205 750,
647 4144 700 4193 hild.

169 4197 256 4247 Currit
269 4215 312 4260 676
323 4204 440 4263 snperhia
454 4205 559 4262 ponitur,
572 4203 625 4253 716.

169 4259 373 4312 Chalcedonensis
384 4265 478 4312 concilii
490 4264 568 4314 codex
586 4265 723 4329 encyclicas
743 4266 774 4314 ah
793 4263 929 4327 Epiphanio

139 4318 289 4373 Seiroinstico
304 4325 444 4378 translatus.
455 4326 510 4376 515.

170 4382 279 4494 1217,7ὅ7ξ76
301 4387 476 4450 intorpretatur
494 4389 601 4451 humilis,
615 4389 669 4438 555.
685 4386 715 4436 Et
734 4386 795 4436 maia
813 4385 931 4435 humilia-

138 4444 173 4492 iirl
211 4448 249 4493 .’,
848 4479 852 4484 ·

169 4480 279 4557 Charitas
291 4521 349 4557 sera
362 4511 386 4557 in
398 4523 447 4572 quo
458 4512 582 4571 consistat,
597 4511 635 4560 77.
648 4509 699 4560 Lex
714 4510 799 4560 Christi
812 4507 928 4567 charitas,

138 4564 192 4613 777.
204 4565 288 4617 Latum
300 4572 437 4621 mundatum
449 4581 487 4621 est
498 4575 613 4632 charitas,
627 4573 680 4622 779.
693 4572 740 4621 Cur
763 4571 816 4619 517.
828 4571 929 4617 Semitas

137 4627 238 4689 iustitiae
250 4639 306 4679 sunt
318 4634 365 4681 duo
379 4641 499 4696 praecepta
511 4637 645 4689 7777777767.
658 4636 698 4682 79.
713 4610 816 4682 77776666
835 4630 880 4678 Dei
903 4637 930 4680 67

138 4690 929 4812 etiuuhruhd¹¹tititittthhhthhr

138 4821 189 4866 777,
201 4789 379 4866 steriliores
391 4772 518 4871 7777777776.
532 4820 587 4870 518.
600 4819 709 4867 Christos
719 4816 854 4864 oblectatur
864 4818 929 4863 inter

138 4873 244 4924 uirtutes
255 4890 406 4936 sanczorunr,
420 4888 445 4929 et
458 4881 581 4943 praecipue
601 4882 668 4928 inter
687 4879 758 4928 iidem
777 4884 804 4924 et
824 4877 930 4947 charita·

139 4940 199 4995 teni,
223 4937 277 4986 511.
298 4940 409 4997 17671777
426 4949 512 4990 666677
534 4942 696 5002 6667777677677,
713 4939 768 4987 795.
790 4938 930 4986 Tormcnhs

138 4997 252 5047 orrruihus
272 5000 441 5062 1777767,796.
463 5003 556 5051 Feruor
576 5003 699 5052 eharitatis
716 4999 859 5062 tranquillus
881 5006 929 5057 est,

139 5056 269 5121 1591666
290 5061 418 5112 charitatis
439 5064 509 5111 beata
529 5066 677 5113 6667676667
698 5066 860 5121 carminatur,
874 5061 928 5111 916.

139 5118 267 5172 Charitatis
280 5131 306 5172 et
326 5125 426 5174 unitatis
445 5127 529 5183 uirtus,
551 5124 607 5176 757.
624 5125 674 5174 Per
686 5124 830 5174 charitatem
852 5125 929 5172 sancti

139 5177 489 5243 776776777776,759.1171771776
508 5193 587 5236 torret
608 5187 728 5250 malignos
745 5186 848 5246 spiritus
869 5198 931 5245 quo-

139 5243 211 5290 modo
220 5247 333 5305 charitas,
344 5247 399 5297 595.
414 5248 471 5298 Post
481 5250 561 5299 carnis
570 5248 744 5297 continentiam
755 5246 864 5295 suci-edit
873 5259 931 5295 sera

139 5303 486 5366 6677767519071776676
508 5323 579 5370 snpra
599 5316 683 5359 cuncta
707 5308 820 5367 7771777767,
840 5310 863 5356 67
887 5309 932 5356 suh

139 5360 222 5415 1766777
234 5370 352 5427 76777767,
366 5372 419 5420 551.
435 5371 493 5430 Quis
504 5371 588 5431 diligat
600 5369 688 5431 Deum,
701 5372 739 5421 58.
753 5371 798 5427 067
810 5371 932 5419 77667667

140 5431 191 5475 7776
202 5431 277 5479 corde
288 5432 375 5491 diligit,
389 5433 466 5481 1667777
479 5434 542 5482 titiis
555 5446 601 5482 non
614 5434 740 5494 relinquit,
753 5430 806 5481 756.

172 5492 273 5544 77676716
285 5493 340 5549 16771
354 5497 430 5556 gratis
441 5502 521 5545 aurant
533 5496 621 5554 Deum,
641 5503 666 5544 ct
688 5493 755 5556 impii
769 5495 846 5565 gratis
858 5506 933 5544 exse·

139 5558 247 5613 7776767,
260 5555 315 5604 575.
334 5557 362 5604 V.
380 5556 453 5614 Deus,
466 5556 576 5608 Dilectio.
589 5557 689 5615 Quando
710 5569 846 5620 6767776667
869 5561 933 5605 sicot

141 5613 249 5677 ttosipsos
260 5616 392 5679 diligimus,
407 5617 463 5670 titt.
475 5617 603 5669 charitalis
613 5618 729 5668 17776767
742 5617 803 5678 iaus,
818 5617 870 5669 756.
885 5616 931 5665 im·

140 5681 210 5727 itare
222 5679 344 5730 dehemus
356 5680 439 5730 lacere
451 5690 523 5740 67666
534 5682 598 5744 quod
611 5688 648 5743 pot
654 5689 693 5730 est
703 5680 774 5730 altori
789 5681 932 5737 7677767776.

139 5730 185 5777 tihi
207 5732 349 5790 structorum
361 5740 511 5791 6667767666
522 5751 562 5793 677
572 5742 699 5793 7767767676
710 5740 860 5791 calamitates
870 5742 930 5791 alie·

141 5799 185 5843 7777
195 5802 222 5844 67
234 5803 351 5862 67667777,
365 5803 419 5852 att.
436 5800 479 5852 777
490 5812 588 5854 7766767
607 5805 691 5855 666177
710 5806 745 5853 177
760 5805 873 5865 rorriph3
886 5803 930 5853 scd

462 256 567 332 tucax
586 260 802 330 7777777767
822 268 854 326 77
873 268 1057 327 77767677
1077 262 1281 327 6777766667
1301 261 1435 322 767677.

1690 258 1760 320 itas

968 388 1191 453 perdilectionem,
1204 387 1258 437 777.
1279 383 1387 436 Dilectio
1398 386 1558 436 inimieorum.
1584 386 1616 434 l'.
1637 387 1761 447 lrriririeu

966 450 1077 499 Charitas
1084 458 1111 501 et
1121 448 1287 498 misericordia
1298 449 1366 504 quasi
1377 455 1431 496 7667
1441 446 1486 496 als
1498 447 1586 505 Patris,
1599 448 1640 498 56.
1652 449 1763 508 Charitas

966 509 1153 572 elavnsdichnr,
1167 510 1221 562 717,
1232 511 1281 560 Per
1289 511 1368 560 716767
1381 507 1460 558 767767
1469 509 1763 582 charitatisintelligitur,

966 572 1022 624 557.
1034 573 1144 623 Charitas
1153 572 1247 621 vernali
1258 572 1346 634 pluviae
1358 579 1520 633 comparatur,
1532 571 1572 621 77.
1585 572 1634 622 Ρ67
1644 578 1765 632 carbones

966 635 1091 683 orationes
1116 634 1244 685 charitatis
1269 635 1329 695 igno
1340 692 1342 697 A
1355 644 1480 681 7776666776
1511 633 1696 701 intelliguntur,
1709 641 1763 694 7577,

997 695 1121 746 Cherubin
1135 697 1256 756 quomodo
1269 694 1493 758 interpretandum,
1504 695 1559 758 971,
1574 696 1630 748 599.
1712 711 1714 714 ·

1000 758 1093 807 Chorus
1105 759 1162 818 qnid
1176 758 1217 816 sit,
1230 759 1284 807 5771.

1001 818 1142 868 Chrismaiis
1152 821 1213 867 sacri
1225 821 1342 868 unctione
1355 816 1422 865 77667
1433 815 1628 875 Christianorum
1639 823 1763 889 signatur,

968 878 1022 990 7ἱ67.
1037 880 1191 991 Egbgtaratur
1203 880 1277 930 iacies
1289 881 1314 929 76
1326 877 1393 941 6166,
1405 891 1460 927 cum
1480 882 1560 943 regali
1573 883 1680 933 chrisma
1691 889 1767 939 conh-

969 951 1041 995 etur,
1070 943 1109 992 5.

1000 1002 1088 1054 Christi
1103 1014 1190 1052 nomen
1200 1001 1351 1064 6766767676,
1364 1001 1417 1052 919.
1433 1001 1541 1053 Nominis
1560 1005 1649 1058 Christi
1669 1017 1708 1061 est
1719 1009 1766 1061 sat·

969 1076 1028 1114 7776
1039 1063 1145 1113 71661667
1157 1064 1318 1125 6666176767,
1334 1066 1387 1113 tha.
1401 1064 1438 1112 De
1450 1066 1580 1116 salvatore
1592 1069 1699 1122 Domino
1709 1074 1766 1135 quid

968 1124 1248 1187 67677666676,68,197.
1262 1124 1355 1174 Christo
1368 1124 1473 1175 credere
1485 1127 1551 1175 salus
1573 1139 1613 1180 est
1635 1142 1662 1182 et
1678 1133 1765 1197 676776,

970 1188 1024 1237 tit.
1036 1185 1145 1236 Christus
1154 1196 1226 1236 notus
1237 1184 1364 1245 divinitate
1376 1186 1435 1236 solis
1453 1185 1581 1248 7766177767,
1594 1205 1701 1254 corpore
1713 1203 1765 1244 776-

971 1255 1021 1296 7676
1035 1247 1180 1307 inildelrhus,
1195 1247 1250 1297 wi,
1269 1246 1379 1296 Christus
1390 1250 1511 1309 quemodo
1530 1253 1601 1301 76677
1616 1266 1631 1301 7
1644 1255 1729 1313 Patre,
1742 1266 1765 1308 et

970 1308 1081 1359 discessit
1093 1321 1106 1356 a
1117 1309 1217 1366 mundo,
1232 1310 1286 1359 795.
1299 1309 1334 1357 aid
1350 1310 1481 1358 adrentum
1501 1311 1601 1362 Domini
1612 1319 1684 1365 terra
1706 1328 1765 1368 777677

972 1377 1021 1433 677,
1033 1372 1071 1420 59.
1086 1370 1136 1419 Per
1147 1370 1201 1420 dies
1229 1370 1298 1421 lenos
1310 1372 1402 1432 primus
1412 1371 1500 1421 Christi
1511 1374 1635 1429 76766767
1651 1379 1767 1434 167671767-

913 1438 915 1443 ’
971 1438 1020 1492 767,
1030 1424 1088 1482 9177.Ι
1098 1385 1316 1482 116767677667667
1327 1433 1381 1479 dies
1389 1440 1446 1481 ante
1454 1431 1546 1484 Christi
1557 1437 1703 1494 adrentum.
1716 1441 1765 1490 155.

972 1494 1036 1552 Quot.
1047 1494 1110 1542 bona
1130 1506 1174 1555 per
1187 1494 1275 1544 Christi
1296 1493 1427 1542 adrentum
1444 1497 1586 1555 6766677777,
1607 1499 1666 1552 575,
1679 1501 1766 1555 ebriari

972 1556 1077 1604 adventu
1088 1554 1173 1605 mundi
1186 1556 1288 1604 vulnera
1300 1561 1394 1616 curata,
1407 1555 1559 1606 91766667
1573 1560 1709 1612 humanum
1727 1577 1767 1625 per

972 1617 1104 1666 adrentum
1117 1616 1212 1668 Domini
1223 1626 1343 1676 sanatum,
1356 1617 1411 1665 919.
1424 1618 1536 1667 Christus
1548 1624 1617 1670 venit
1630 1624 1662 1671 76
1679 1637 1730 1681 667,
1744 1635 1767 1677 ut

973 1690 1016 1735 667
1025 1678 1053 1726 76
1067 1691 1123 1727 eum
1136 1679 1275 1738 redeamus,
1285 1678 1339 1726 957.
1352 1677 1493 1740 llysterium
1503 1681 1684 1734 incarnationis
1692 1688 1767 1747 67611·

971 1747 1049 1801 catur,
1063 1740 1102 1790 56.
1116 1741 1143 1788 76
1155 1740 1204 1801 ipsa
1217 1740 1389 1795 incarnationis
1406 1741 1503 1800 origine
1520 1741 1642 1793 divinitas
1660 1747 1755 1798 humant

973 1803 1014 1850 tati
1024 1801 1108 1862 iuncta
1120 1807 1167 1859 677,
1180 1800 1219 1849 75.
1232 1801 1351 1851 Divinitas
1360 1803 1415 1851 sine
1425 1799 1568 1852 6671677666
1590 1805 1768 1862 humanitatem

972 1864 1110 1926 asumpsit,
1134 1862 1253 1913 1917667
1271 1865 1422 1922 humanatus,
1439 1863 1478 1913 57.
1499 1862 1636 1917 7677777717
1647 1877 1706 1918 76777
1723 1871 1767 1924 Del

972 1935 1059 1988 opera,
1078 1926 1183 1975 maxime
1197 1926 1220 1973 76
1232 1923 1340 1973 uniendo
1357 1925 1404 1972 sibl
1420 1932 1531 1974 naturam
1553 1926 1695 1988 humanam,
1714 1932 1765 1988 977,

975 1983 1150 2035 incarnationis
1169 1984 1329 2044 excellentia,
1350 1984 1391 2048 15,
1404 1985 1459 2034 toti.
1472 1985 1658 2046 hegntoeemta
1675 1991 1766 2043 Domini

973 2054 1013 2096 est
1031 2048 1172 2103 incarnatio,
1195 2047 1234 2096 57.
1256 2047 1381 2097 7766671616
1400 2055 1490 2096 sanctae
1512 2050 1692 2102 iucarnationis
1711 2056 1765 2106 nihil

973 2110 1136 2170 prestantius,
1146 2109 1200 2157 977.
1215 2108 1322 2171 Tempus
1343 2107 1490 2170 beneplaciti
1504 2114 1607 2172 tempus
1625 2115 1765 2166 incarnatio

972 2171 1018 2226 nis,
1034 2169 1086 2218 798.
1102 2169 1149 2219 Per
1162 2172 1287 2218 6671777767
1299 2170 1396 2219 Domini
1410 2172 1543 2220 incarnatio
1559 2180 1644 2232 potest
1658 2176 1764 2239 intelligi,

973 2230 1027 2281 198.
1039 2232 1161 2282 Tenebris
1177 2239 1338 2293 comparator,
1358 2232 1396 2282 59.
1408 2231 1517 2281 Christus
1537 2245 1669 2296 susceptor
1687 2249 1764 2289 667767

973 2292 1050 2342 lactus
1062 2302 1100 2342 est
1114 2306 1158 2354 per
1170 2293 1340 2342 incarnationis
1362 2304 1486 2351 arcanum,
1503 2293 1558 2344 716.
1572 2295 1694 2348 Dominus
1713 2314 1763 2360 pro-

973 2356 1055 2415 spexit
1067 2356 1145 2415 nobis,
1156 2356 1212 2402 dum
1225 2355 1399 2404 humanitatem
1420 2359 1527 2403 nostram
1549 2365 1694 2420 assumpsit,
1713 2364 1763 2413 576.

973 2415 1042 2465 Deus
1055 2417 1182 2465 humanam
1196 2423 1316 2474 naturam,
1330 2430 1401 2479 qnam
1414 2416 1523 2465 liberare
1540 2420 1763 2484 predestinarerar,

973 2479 1141 2528 incarnatione
1164 2479 1257 2539 erexit,
1277 2476 1330 2527 997.
1352 2477 1460 2528 Christus
1481 2480 1551 2538 qnasi
1574 2483 1630 2542 post
1651 2486 1764 2542 parietem

972 2543 1053 2601 stetit,
1065 2552 1119 2589 cum
1131 2550 1229 2589 carnem
1246 2547 1352 2588 nostram
1371 2543 1488 2601 suscepit,
1502 2539 1556 2591 519.
1576 2542 1667 2593 Christi
1685 2559 1765 2597 susce·

972 2603 1025 2667 6716
1038 2605 1118 2651 677677
1137 2607 1217 2649 nostra
1234 2601 1348 2663 probatur
1368 2601 1507 2657 haereditas,
1520 2603 1574 2654 555.
1595 2603 1764 2659 Christusne-

974 2664 1045 2711 niens
1065 2667 1088 2711 76
1108 2662 1223 2711 mnndum
1242 2662 1357 2723 quosdam
1376 2661 1453 2711 saltus
1470 2662 1549 2725 dedit,
1565 2667 1624 2714 516.
1649 2667 1765 2720 76676676

974 2724 1069 2775 Chrls‘o
1085 2725 1219 2773 obscuritas
1229 2724 1305 2773 dreini
1319 2724 1392 2773 l'erbi
1413 2726 1499 2785 patuit,
1511 2725 1550 2776 60.
1564 2727 1686 2778 heth-ins
1706 2739 1765 2780 tem-

974 2785 1063 2848 poralis
1073 2785 1171 2845 Christi,
1181 2786 1219 2834 55.
1232 2786 1330 2844 061616
1343 2799 1371 2834 ea
1391 2788 1516 2846 evenerit,
1532 2788 1587 2837 159.
1601 2788 1651 2838 Cur
1662 2790 1766 2842 Christus

973 2848 1088 2897 deutero
1109 2850 1194 2897 matris
1213 2859 1240 2895 se
1260 2849 1323 2895 ducat
1343 2848 1497 2903 abstractum,
1516 2851 1553 2899 75.
1568 2851 1631 2898 Sine
1649 2862 1727 2902 matre.
1744 2857 1766 2901 in

973 2912 1044 2967 eoe'o,
1058 2911 1113 2957 sine
1126 2916 1194 2970 putre
1214 2910 1237 2956 76
1256 2916 1333 2970 rena,
1350 2909 1404 2958 981.
1425 2909 1592 2960 iliserioordia
1615 2912 1711 2962 Domini
1732 2925 1766 2966 67

973 2970 1037 3030 qnod
1049 2971 1080 3018 de
1092 2968 1168 3018 hiaria
1181 2969 1282 3031 Virgine
1303 2979 1372 3019 notus
1384 2978 1431 3027 est,
1442 2972 1495 3020 9779.
1511 2971 1564 3021 11777
1586 2977 1634 3024 itas
1647 2984 1767 3038 tempora·

974 3030 1004 3080 lis
1014 3033 1101 3082 Christi
1114 3037 1194 3093 potest
1207 3031 1311 3078 visitatio
1324 3032 1449 3093 appellari,
1462 3034 1500 3081 55.
1512 3034 1597 3090 06776
1609 3037 1632 3084 76
1646 3050 1674 3083 67
1686 3039 1767 3085 77776-

974 3092 1043 3150 71667,
1057 3093 1112 3141 5977.
1126 3093 1237 3142 Christus
1250 3093 1349 3152 pertidis
1360 3096 1477 3154 apparuit,
1491 3097 1598 3145 sednon
1616 3099 1696 3155 67767,
1716 3102 1765 3149 zea

975 3153 1001 3202 ln
1009 3156 1104 3203 Christo
1114 3168 1160 3201 nna
1171 3164 1209 3204 est
1218 3160 1308 3202 tantum
1319 3168 1429 3214 persona,
1440 3154 1478 3205 17.
1490 3158 1549 3212 066
1558 3171 1666 3217 6677676
1675 3161 1766 3220 Christi,

974 3217 1014 3276 96,
1027 3217 1063 3264 59.
1079 3216 1130 3265 7167
1153 3217 1290 3277 6666767676
1311 3216 1356 3264 Dei
1373 3217 1524 3278 hominisque
1545 3233 1663 3279 persona,
1686 3224 1725 3271 59.
1745 3225 1768 3272 76

972 3277 1071 3328 Christo
1083 3279 1202 3326 rtoaesnnt
1213 3285 1318 3337 6777777,
1328 3277 1371 3325 766
1383 3291 1429 3325 666
1439 3292 1556 3338 persona,
1568 3281 1611 3339 59,
1622 3284 1665 3343 59,
1677 3286 1718 3345 eh,
1730 3286 1767 3343 71,

975 3340 1030 3387 ihs.
1046 3338 1182 3387 9677677776
1194 3340 1296 3386 hominis
1310 3345 1416 3386 naturam
1430 3344 1572 3401 assumpsit,
1584 3345 1650 3403 qnod
1664 3355 1704 3393 est
1714 3360 1769 3395 con·

976 3407 1011 3448 tra
1025 3400 1279 3460 7661177677777797111.
1296 3400 1354 3447 Duras
1370 3408 1425 3449 sunt
1448 3409 1539 3449 nahrrae
1560 3405 1585 3450 in
1599 3405 1696 3455 Christo
1716 3422 1769 3469 pcr-

975 3463 1045 3509 76777
1059 3468 1084 3509 et
1097 3462 1205 3510 76767167
1213 3478 1236 3520 6,
1256 3464 1291 3519 79,
1306 3463 1344 3519 57,
1356 3463 1410 3510 5177.
1432 3461 1456 3509 76
1470 3464 1588 3522 probatur
1600 3476 1685 3516 666777
1704 3470 1769 3518 71717-

977 3538 1028 3582 677,
1041 3526 1094 3574 775.
1111 3523 1134 3569 in
1146 3537 1177 3571 66
1189 3531 1244 3571 sunl
1256 3524 1309 3570 71676
1320 3525 1429 3572 substant
1440 3536 1472 3588 ae,
1486 3526 1521 3574 16.
1536 3527 1703 3590 ipsarumque
1713 3546 1769 3592 opu·

975 3596 1083 3633 rationes
1102 3585 1348 3645 67677767767777,989.
1371 3588 1394 3632 76
1415 3583 1511 3633 Christo
1530 3588 1589 3635 duae
1612 3594 1769 3651 operationes

976 3647 999 3693 di
1017 3649 1108 3696 irritatis
1120 3654 1146 3696 67
1156 3646 1320 3706 17677776177777,
1331 3648 1383 3695 iiiii.
1395 3645 1441 3695 Chr
1450 3654 1504 3695 stus
1515 3647 1587 3696 Deus
1596 3658 1621 3698 et
1633 3653 1708 3701 homo
1717 3667 1770 3701 con·

977 3710 1139 3766 traiciamus,
1160 3707 1205 3756 7771
1234 3709 1412 3757 basmonum
1433 3714 1480 3764 677,
1495 3708 1550 3757 itit.
1574 3709 1643 3760 Dens
1665 3719 1771 3765 recitatis

977 3772 1075 3831 dicitur,
1096 3771 1134 3819 98.
1155 3769 1316 3820 Deusrirtuh
1328 3782 1359 3816 76.
1376 3773 1428 3818 9871.
1450 3769 1570 3818 17671667
1591 3775 1710 3822 uirtutum
1728 3785 1769 3837 est,

978 3833 1030 3881 756,
1044 3831 1158 3882 1177717777
1172 3831 1247 3880 1177771
1264 3838 1289 3879 67
1309 3830 1427 3879 Donitnos
1445 3830 1613 3885 dictionali.
1638 3836 1772 3885 ditissimus

974 3895 1030 3954 juro
1041 3895 1138 3948 dicitnr,
1152 3893 1206 3941 915.
1219 3894 1265 3943 Cur
1278 3906 1322 3938 non
1336 3893 1518 3953 immodicum,
1530 3895 1570 3940 75,
1583 3893 1658 3944 Solus
1668 3898 1772 3948 thrisnrs

996 3969 1023 4003 er
1041 3965 1149 4004 natnram
1170 3954 1244 4004 Filius
1261 3955 1316 4011 Dei,
1330 3956 1405 4003 sancti
1429 3967 1556 4013 7676667
1579 3961 1698 4016 gratiam,
1720 3960 1772 4010 999.

978 3968 1047 4067 dinis
1059 4025 1141 4065 noster
1154 4023 1192 4064 est
1204 4017 1233 4064 ad
1244 4029 1318 4075 quem
1336 4018 1415 4063 omnia
1433 4015 1576 4076 7616767767,
1593 4018 1648 4068 189.
1667 4018 1772 4070 Christos

978 4086 1094 4139 aeternus,
1106 4079 1161 4127 915.
1175 4076 1226 4126 Non
1239 4086 1277 4127 est
1288 4077 1354 4126 [lens
1365 4090 1461 4135 recens,
1480 4077 1522 4124 sed
1538 4078 1605 4128 Patri
1624 4089 1771 4186 curq’tcrnus,

978 4142 1034 4189 979.
1047 4140 1165 4200 Quidquid
1178 4139 1285 4187 Christus
1297 4140 1441 4197 intempore
1453 4140 1560 4199 7666677,
1573 4154 1660 4190 socon«
1672 4157 1711 4190 nm
1732 4144 1773 4191 777-

979 4201 1280 4259 6716777717777676777777,
1293 4201 1328 4249 78.
1341 4200 1460 4249 Divinitas
1470 4212 1524 4256 etus
1534 4200 1594 4250 nihil
1604 4214 1702 4265 aceepit
1713 4208 1773 4252 uude

978 4274 1048 4310 cresc
1066 4271 1112 4317 767,
1123 4262 1177 4309 719.
1189 4262 1282 4311 Christo
1301 4270 1412 4309 creatura
1433 4263 1511 4310 omnis
1533 4265 1651 4317 subjecta
1669 4274 1715 4317 est.
1737 4269 1772 4316 55

979 4323 1108 4373 1777777776
1128 4336 1171 4371 767
1189 4329 1216 4371 67
1232 4327 1255 4370 777
1277 4332 1396 4370 aternum
1416 4325 1565 4387 demnatum,
1584 4325 1645 4376 915.
1669 4327 1772 4377 Christus

979 4384 1031 4433 1167
1046 4387 1207 4445 omnipotens,
1220 4385 1273 4433 519.
1288 4383 1340 4433 iter
1361 4386 1384 4431 in
1404 4392 1533 4438 aeteruum,
1555 4387 1611 4436 9177.
1627 4393 1711 4445 unare
1725 4390 1770 4440 lter

982 4446 1064 4500 77767776
1076 4447 1179 4507 667767,
1193 4446 1232 4493 89.
1245 4445 1353 4495 Christus
1365 4447 1388 4494 in
1401 4446 1447 4493 hoc
1463 4446 1554 4495 mundo
1567 4448 1623 4496 lter
1636 4452 1772 4508 specialiter

980 4510 1106 4561 ingressus
1118 4516 1165 4560 est.
1178 4508 1232 4558 995.
1247 4506 1297 4554 hex
1311 4520 1322 4553 a
1336 4506 1409 4556 Patre
1419 4509 1575 4561 constitutus.
1591 4511 1632 4560 17.
1648 4512 1697 4560 Cur
1714 4513 1770 4569 1767,

980 4569 1032 4618 arti.
1048 4569 1112 4617 1676
1125 4570 1247 4629 Salomon,
1261 4569 1283 4616 76
1296 4575 1332 4618 677
1346 4567 1468 4629 paclilcns,
1488 4569 1544 4620 959.
1559 4571 1658 4623 Cnctus
1670 4573 1770 4623 Clrrrstus

980 4629 1074 4690 liegusm
1084 4632 1202 4691 sigtrihcat
1214 4640 1239 4681 et
1248 4631 1416 4687 Sacerdotem,
1431 4630 1484 4681 159.
1496 4631 1610 4682 Christus
1635 4634 1698 4691 tter,
1719 4636 1771 4684 l‘ro-

981 4694 1067 4753 pheta,
1088 4699 1114 4739 et
1130 4691 1259 4752 Pontias,
1280 4691 1462 4741 7558771768
1482 4705 1545 4748 rere
1567 4697 1703 4758 Sacerdos,
1722 4699 1769 4745 579.

981 4754 1028 4805 Chr
1038 4763 1090 4801 stus
1099 4754 1220 4802 Sacerdos
1238 4762 1264 4802 et
1281 4753 1369 4810 hostia,
1383 4753 1438 4802 911.
1451 4753 1541 4804 Christi
1555 4758 1639 4806 aninra
1654 4768 1770 4817 apeccato

981 4815 1094 4875 originali
1114 4824 1227 4874 excepta,
1240 4818 1295 4866 655.
1307 4816 1413 4876 Spiritus
1433 4822 1533 4865 sanctus
1555 4821 1580 4866 in
1601 4819 1703 4870 Christo
1720 4834 1769 4880 per·

981 4881 1079 4937 mansit,
1092 4880 1116 4927 5.
1129 4877 1237 4926 Christus
1248 4887 1374 4938 peccatum
1386 4877 1476 4925 nullum
1487 4877 1586 4943 hahuit,
1599 4883 1643 4932 59.
1662 4882 1770 4930 71667771-

982 4946 1018 4989 tas
1029 4937 1116 4987 Christi
1129 4936 1217 4986 661176
1231 4938 1311 5002 labem
1324 4940 1428 4997 admisit,
1440 4940 1494 4988 595.
1509 4940 1592 4991 Prima
1613 4943 1694 5006 gloria
1711 4944 1770 4994 Chri-

980 5007 1011 5051 sti
1023 5002 1076 5061 lnh,
1090 5000 1185 5062 ingredi
1199 4999 1380 5048 tabernaculum
1398 5003 1451 5049 sine
1462 5001 1564 5064 6776616,
1577 5006 1619 5054 57.
1645 5006 1714 5056 i‘iam
1732 5007 1770 5052 ini·

982 5063 1123 5111 7676177776
1135 5062 1201 5110 Ι«6177
1213 5063 1354 5124 7766617777,
1366 5061 1407 5110 hs.
1419 5062 1507 5111 Christi
1519 5067 1568 5128 vin,
1580 5067 1635 5115 sola
1656 5071 1716 5116 lona
1729 5075 1769 5126 est,

982 5134 1064 5172 nostra
1078 5137 1136 5173 roro
1147 5125 1218 5179 mala,
1233 5125 1284 5172 199.
1298 5125 1407 5173 Christus
1415 5123 1481 5172 sulus
1492 5138 1540 5184 667
1556 5141 1584 5176 76
1597 5130 1768 5187 immaculatus,

982 5184 1021 5233 alii
1035 5198 1079 5247 per
1092 5186 1205 5247 gratiam,
1217 5184 1272 5234 598.
1283 5184 1370 5234 Chrish
1380 5198 1468 5244 corpus
1477 5186 1598 5248 templum
1610 5199 1721 5240 sanctum
1731 5198 1769 5248 esi,

982 5249 1019 5295 96.
1036 5247 1160 5304 Quomodo
1172 5260 1228 5297 6776
1250 5246 1336 5295 Christi
1352 5248 1501 5307 siuilicutrlx,
1522 5250 1660 5299 adorabilis
1675 5261 1700 5299 et
1718 5253 1771 5300 sain·

983 5308 1065 5368 tilera,
1078 5310 1131 5359 171,
1144 5309 1203 5358 Caro
1217 5307 1354 5371 adorabilis,
1377 5308 1416 5357 59.
1439 5308 1531 5368 (inpos
1553 5311 1656 5360 77676767
1672 5314 1769 5374 quadarn

984 5377 1023 5417 est
1035 5371 1138 5420 Deitrtis
1157 5371 1240 5428 restis,
1256 5373 1304 5419 159.
1320 5371 1429 5420 Cirristus
1447 5372 1570 5428 quornodo
1581 5377 1721 5422 minoratus
1738 5379 1770 5431 sit,

983 5434 1022 5482 55.
1036 5433 1136 5490 77676716
1149 5433 1257 5479 t‘lrristns
1277 5433 1370 5480 7676767
1383 5438 1429 5489 est,
1446 5434 1496 5482 156.
1518 5434 1567 5483 Cur
1586 5450 1655 5496 ptrer
1669 5436 1771 5485 [76677777

984 5494 1204 5551 71771776766777,
1219 5496 1270 5542 9977
1285 5494 1394 5542 Christus
1405 5509 1418 5552 6
1437 5492 1507 5542 16667
1520 5498 1573 5548 676
1586 5511 1671 5546 cortus
1687 5501 1770 5553 6161767,

984 5565 1010 5605 et
1022 5569 1109 5617 quate,
1122 5556 1177 5605 5718.
1190 5557 1226 5604 7177
1238 5557 1312 5604 iurata
1323 5557 1427 5603 71676766
1439 5555 1524 5618 irretit,
1538 5559 1593 5608 1511.
1607 5561 1721 5610 Chrisans
1731 5576 1772 5611 mt-

984 5620 1054 5666 nthus
1067 5619 1155 5668 electis
1166 5620 1306 5681 speciosior,
1320 5618 1373 5667 577.
1385 5617 1474 5666 Christi
1489 5622 1670 5683 imperiectum
1679 5626 1769 5688 quidsi,

985 5680 1038 5729 771.
1050 5681 1159 5730 Christus
1178 5681 1291 5744 pupillus,
1305 5694 1399 5740 egenus
1412 5689 1438 5732 67
1448 5696 1544 5745 pauper
1556 5698 1671 5743 roratur,
1689 5690 1771 5735 77766777

987 5743 1094 5792 66176777
1109 5742 1197 5793 1766767
1209 5753 1235 5792 67
1248 5742 1373 5799 Dominus,
1386 5743 1441 5792 981.
1453 5744 1566 5797 Christus
1576 5749 1653 5797 imni
1673 5748 1739 5798 61767
1753 5756 1771 5792 67

988 5817 1091 5867 pauper,
1108 5804 1160 5856 tel.
1181 5809 1261 5864 776776
1280 5808 1369 5856 dicitur
1383 5818 1477 5869 6667777
1494 5817 1519 5858 67
1535 5824 1644 5873 ponpam,
1658 5813 1708 5866 755,
1727 5809 1772 5857 sil.
