3794 6128
121 250 160 308 as
318 204 324 209 ’
603 242 783 304 aurosum
804 246 836 303 ta·
856 245 1083 305 cssttrsatuu.
1105 246 1190 305 rste
1221 246 1265 303 ts.
1718 249 1753 307 sa

122 362 170 417 tie
184 357 531 432 buiustpertadeciasatio
545 376 552 415 ε
568 358 633 418 dicit
646 365 717 415 enim
730 359 800 414 trude
816 375 911 431 rapita-
927 361 951 421 tt
967 358 1135 416 iideiissimas
1160 366 1288 424 eoronam
1316 373 1376 414 natu
1399 359 1420 416 ri
1445 356 1606 429 quibuslibet
1626 361 1754 418 aerumnis

122 452 203 506 scitur
212 448 350 506 Dominam
358 465 422 506 rere
429 449 577 526 [ed.,rera}
588 451 688 522 jordicia
702 453 800 522 facem
810 451 913 507 scilicet

122 540 230 604 actardo
243 540 371 596 pertrans
385 539 511 610 operibus
525 539 581 597 suis
599 548 726 611 peccator
740 541 911 609 astringitur,

121 638 148 680 et
161 629 310 685 seeundum
330 640 437 686 totunm
452 630 608 701 qualitatem
624 630 731 701 dipnam
758 630 854 699 recipit
871 631 912 687 ut-

121 719 235 776 tiouem.
253 718 320 774 ann
343 733 440 775 senstts
465 720 510 774 iiie
525 721 638 774 outaino
652 719 776 775 uitandus
796 729 852 786 est,
868 720 913 790 qui

122 825 200 882 potat
220 821 387 878 peecatorem
407 810 465 866 suia
488 810 646 864 delictorum
661 825 770 865 suorum
787 810 913 865 recorda·

124 904 200 957 tione
220 899 406 964 eruciatrdtttm
435 916 495 955 nam
520 900 542 955 si
571 901 621 954 icoc
642 908 741 954 taratara
768 898 913 966 satideeret,

122 1010 210 1064 qaaere
224 994 359 1049 diceretur
374 1010 381 1046 ι
397 989 438 1046 Ite
451 992 477 1045 in
491 991 576 1063 iprrem
598 998 731 1057 aternam,
748 990 791 1059 pai
809 998 914 1060 paratas

124 1099 165 1142 eat
178 1085 280 1141 dioboio
293 1096 317 1139 et
330 1085 427 1156 anpetis
441 1089 497 1157 ejus
512 1082 618 1154 (Dattb.
631 1081 734 1149 rrr,ii
745 1082 770 1153 ),
786 1094 811 1138 et
827 1081 891 1136 iilud
904 1097 912 1136 t

127 1179 232 1233 i'errus'a
245 1194 333 1233 earam
348 1194 400 1231 nan
420 1177 559 1245 morietur,
579 1183 603 1230 et
622 1175 689 1247 ipuir
703 1190 790 1228 eorum
804 1189 855 1228 aon
868 1188 914 1228 es·

123 1272 270 1339 srinpuetar
289 1265 372 1337 (isai.
394 1281 469 1330 tart,
491 1264 556 1335 atta
570 1264 627 1320 Nou
642 1266 712 1320 enim
729 1264 772 1319 hio
785 1264 841 1319 ioca
858 1273 914 1320 tor·

124 1374 280 1419 mentorum
290 1370 372 1434 tropat
383 1361 568 1432 peecatoribus
578 1362 647 1427 dari,
660 1362 708 1419 sed
720 1361 914 1432 perquaiitates

124 1471 239 1524 opernm
250 1471 359 1512 stroruru
368 1469 416 1510 eos
426 1454 490 1510 dicit
501 1469 561 1510 esse
575 1454 748 1525 torquendos.
761 1453 913 1510 Sentiamut

127 1560 193 1615 ergo
206 1546 293 1601 irsoum
308 1556 478 1615 peecatorum
491 1545 630 1615 suppliciis
643 1560 704 1601 esse
715 1555 892 1616 praeparatum
905 1564 912 1600 ε

127 1637 311 1706 intelligamus
324 1638 492 1692 extrinsecus
504 1635 610 1704 poenale
620 1635 729 1702 matum,
742 1635 811 1706 quod
827 1637 913 1692 seele-

965 451 1036 506 desit
1047 450 1184 520 patientia,
1200 450 1290 505 anima
1303 463 1356 507 nott
1367 459 1454 522 potest
1465 465 1525 506 esse
1537 451 1664 521 perieett.
1680 453 1753 520 Qun·

965 553 1075 614 propter
1087 543 1213 613 patientia
1226 552 1267 599 est
1280 543 1349 598 inter
1359 543 1452 598 anxias
1466 542 1649 600 tribulationes
1660 544 1751 600 wana

964 633 1096 704 usquead
1113 634 1193 689 daem
1208 634 1301 688 monis
1323 635 1349 688 in
1366 634 1462 690 timore
1476 635 1581 689 Domini
1605 635 1751 704 gratiarum

967 724 1037 778 actio
1051 725 1148 794 iugiter
1161 723 1323 790 obsecrata;
1339 725 1409 779 sieut
1422 724 1548 779 Dominus
1564 725 1589 779 in
1607 725 1752 795 Drurrpeiio

965 810 1097 868 dieit21n
1121 813 1243 883 patientia
1261 821 1343 866 restra
1359 811 1518 882 possidebitis
1538 815 1639 868 animas
1657 819 1752 870 remeas

965 900 1039 970 (Luc.
1057 917 1118 966 ιιι,
1137 901 1193 970 tat.
1208 899 1290 972 Cujus
1305 901 1343 955 rei
1364 909 1435 956 tanta
1451 903 1537 960 tirttts
1557 914 1612 973 est,
1629 914 1659 960 ιιι
1671 906 1751 960 etiam

966 992 1023 1060 ipse
1037 992 1176 1055 ttontrnn,
1189 995 1233 1061 qrri
1250 993 1315 1046 inibit
1331 993 1439 1060 patitur,
1455 993 1560 1062 patiens
1573 993 1687 1050 dicatur.

1000 1084 1076 1140 Vera.
1095 1087 1138 1141 ib.
1156 1085 1283 1157 Drsarrpe,
1302 1083 1411 1140 Domine
1420 1102 1429 1152 ,·
1444 1103 1494 1142 non
1506 1090 1642 1158 manateat
1654 1088 1748 1142 borno.

966 1177 1111 1247 irretirentur
1123 1188 1207 1251 pentes
1219 1180 1244 1232 in
1257 1186 1392 1251 conspectu
1404 1189 1458 1234 tuo.
1470 1177 1537 1234 Cura
1552 1178 1586 1234 de
1596 1179 1648 1235 dne
1661 1180 1752 1236 saeuii

966 1269 1096 1339 propheta
1111 1278 1250 1336 tractaret,
1267 1268 1410 1326 adrentum
1425 1269 1583 1329 Antiebristi
1594 1270 1682 1326 cordis
1693 1270 1752 1326 iiiu-

966 1361 1110 1417 minatioae
1120 1363 1266 1432 prospexit,
1278 1372 1304 1417 et
1314 1362 1424 1430 parienti
1434 1360 1617 1432 magnitudine
1626 1362 1765 1430 pertensi<

965 1461 1019 1518 tas,
1032 1467 1124 1524 magna
1136 1465 1201 1508 uoce
1213 1452 1404 1523 proeiamaait:
1420 1449 1546 1522 Essarpe,
1562 1451 1688 1517 Dominep
1701 1466 1752 1506 san

955 1549 1101 1617 -pnenatear
1111 1550 1197 1603 trumo.
1212 1547 1270 1616 ipse
1284 1558 1323 1603 est
1339 1546 1409 1602 enim
1426 1546 1506 1600 borno
1520 1545 1661 1614 pessimam,
1672 1557 1752 1614 quem

966 1638 1081 1694 bumana
1097 1655 1149 1693 noo
1166 1647 1253 1709 potest
1267 1636 1403 1692 sominare
1416 1634 1553 1691 conditio:
1567 1634 1594 1688 in
1607 1647 1660 1703 arro
1681 1643 1752 1688 tnrrtr

128 1727 195 1784 ratis
210 1727 321 1795 issimus
343 1727 492 1781 imminere·
514 1725 580 1779 ann
601 1735 630 1780 ut
651 1740 746 1781 resera
768 1741 913 1798 coenosas·
928 1727 1196 1790 Britan-ernstiana
1212 1728 1452 1800 patrissaturum
1469 1726 1753 1796 montanensem

128 1832 188 1872 uras
210 1816 401 1871 beatitudiuem
415 1832 429 1870 a
444 1816 663 1871 damnationibus
680 1817 840 1886 qutibusdam
862 1827 915 1874 tet·-

126 1912 211 1964 rn'n's
237 1924 297 1966 esse
319 1908 455 1977 divisam,
486 1907 660 1965 recordemur
685 1907 795 1964 divitem
823 1911 915 1966 ocutos

127 2002 292 2066 subierasse,
308 2015 506 2070 pauperemque
529 2002 658 2057 Lazarum
679 2003 704 2060 ia
720 2002 780 2055 siau
796 2003 910 2060 tirrabaa

128 2093 214 2146 inisse
227 2103 418 2160 conspectum,
435 2107 464 2147 se
478 2101 566 2147 antem
582 2091 694 2147 ssutmmis
716 2093 854 2148 uttriciuns
868 2095 917 2148 de·

128 2193 249 2251 putatam
268 2183 353 2256 (duc.
375 2199 438 2248 rut,
458 2183 520 2254 25).
536 2183 612 2240 Unde
635 2185 702 2239 ardo
727 2186 776 2239 iste
796 2187 916 2241 ueritatis

127 2275 283 2327 urriiateaus
297 2275 442 2338 diceretur,
459 2274 480 2327 si
497 2282 650 2343 peccatores
674 2274 803 2328 trtaincam
827 2289 917 2330 reeoc·

129 2365 204 2419 dmin
220 2365 276 2420 saia
292 2375 439 2436 torqueret.
465 2365 526 2421 iiaec
544 2374 604 2420 sura
619 2367 719 2420 occuito
735 2366 794 2435 piii,
810 2382 869 2438 ortua
886 2369 918 2423 ti-

130 2457 201 2510 tuius
216 2457 352 2526 praedixit.

359 2586 491 2642 Canticum
506 2587 694 2655 diapsalmatis.

167 2718 267 2771 Naroma
285 2716 449 2786 diapsalma,
471 2717 513 2770 eui
537 2717 734 2786 superpositum
752 2717 919 2788 probatores

130 2809 265 2861 canticum
283 2827 289 2860 :
307 2809 377 2862 uncie
393 2808 535 2863 nonnullas
557 2807 613 2862 iure
628 2823 671 2862 res
686 2806 749 2863 iecit
763 2809 918 2877 aduertere,

967 1825 1051 1894 possit
1060 1837 1187 1893 superare
1200 1821 1353 1891 neqrritiam.
1368 1817 1462 1874 Gentes
1476 1819 1556 1872 etiam
1570 1819 1635 1886 petit
1644 1817 1752 1872 ueterri-

967 1930 1012 1969 mo
1023 1914 1136 1968 aduentu
1148 1912 1277 1984 judicari,
1286 1926 1345 1982 que
1355 1924 1415 1964 eota
1424 1911 1484 1978 ipso
1494 1907 1642 1962 srenissimo
1651 1907 1752 1964 seelera

967 2021 1060 2075 onagris
1077 2006 1188 2060 tartarce
1199 2012 1271 2060 strat.
1287 2003 1352 2056 Nam
1364 2001 1426 2055 dum
1448 2000 1550 2071 occulta
1565 2007 1696 2067 potestate
1711 1996 1754 2054 trie

967 2097 1056 2152 omnia
1073 2094 1200 2149 Dominus
1215 2093 1406 2159 administret,
1422 2089 1458 2144 ibi
1475 2099 1562 2143 ermen
1584 2088 1671 2158 palam
1682 2087 1753 2157 judi·

967 2201 1030 2241 aare
1038 2187 1147 2257 petitur,
1156 2185 1200 2239 trini
1211 2183 1318 2254 superbi
1330 2180 1548 2238 nocereuiterios
1558 2179 1752 2234 monsirentur.

1005 2273 1285 2341 iers.20.Cortstitae,
1295 2272 1413 2337 Domine,
1426 2270 1598 2343 depietatmem
1608 2284 1684 2341 super
1696 2284 1755 2326 aas:

970 2376 996 2420 ut
1007 2369 1086 2420 sciunt
1098 2373 1183 2436 prutes
1193 2366 1312 2435 parentant
1323 2363 1436 2417 nomines
1447 2369 1517 2415 sunt.
1529 2359 1753 2431 Euidentittsiatn

970 2458 1002 2512 tte
1015 2458 1073 2527 ipso
1088 2455 1152 2510 dicit
1164 2454 1338 2518 Antichristo,
1352 2461 1379 2505 ut
1393 2451 1454 2505 tatis
1465 2450 1590 2520 princeps
1603 2449 1682 2504 detur
1695 2462 1757 2517 pea·

969 2546 1122 2609 retricibus,
1141 2558 1192 2600 noa
1206 2545 1249 2613 qui
1265 2557 1312 2598 eos
1327 2551 1413 2610 regat,
1428 2541 1476 2596 sed
1490 2539 1534 2609 aui
1547 2554 1607 2593 cum
1624 2539 1689 2609 ipsit
1703 2553 1754 2594 aaa

970 2642 1106 2707 depereat.
1122 2637 1241 2703 Denique
1253 2634 1385 2704 sequitur,
1402 2641 1429 2686 at
1440 2633 1521 2687 seiont
1534 2639 1622 2699 pentes
1631 2631 1753 2700 quoniam

969 2731 1084 2784 bcnmines
1098 2736 1166 2781 sunt.
1179 2727 1235 2782 iioe
1250 2734 1337 2780 aarum
1351 2723 1453 2780 dietum
1466 2722 1593 2778 minantis
1608 2728 1665 2788 ast,
1680 2729 1709 2777 ut
1719 2716 1753 2776 aa

970 2820 1172 2877 conversionem
1187 2818 1274 2886 potius
1289 2816 1461 2879 inclinentur,
1475 2814 1521 2884 quui
1535 2815 1571 2868 de
1585 2813 1754 2869 seeieris‘sui

130 2900 278 2966 diapsaimn
291 2899 425 2953 silentium
439 2913 492 2952 ¹¹⁰⁰
506 2910 614 2968 abiete:
627 2899 699 2952 ιῑιῐιιῑ
710 2899 780 2953 enim
795 2898 851 2954 steri
865 2915 917 2954 ⁰⁰¹¹
972 2910 1097 2965 libertate
1109 2913 1283 2976 praesumunt.
1297 2905 1374 2972 Legis
1384 2905 1455 2959 euim
1466 2903 1622 2959 verissimus
1636 2902 1756 2959 iatorso·

131 3004 213 3057 porse
228 2999 255 3041 ut
269 2989 399 3042 canticum
414 2988 511 3045 silentii
527 2989 793 3044 assumpsisset
810 3003 853 3044 res
867 2991 916 3046 ista
972 2999 1060 3054 insert
1069 2995 1257 3065 DensAEtquia
1265 2996 1309 3051 itte
1316 3003 1409 3049 ernrrtra
1419 3002 1551 3061 praecepta
1558 2992 1662 3046 Domini
1671 2992 1754 3046 muita

132 3077 384 3133 rteterrninatioueur
406 3093 464 3147 utum
479 3080 505 3132 ia
521 3077 677 3144 pretatione
692 3080 776 3148 posita
791 3089 841 3145 est,
857 3093 916 3134 om·
930 3097 954 3162 c
969 3091 1093 3160 jussurus
1105 3098 1158 3152 est,
1170 3088 1197 3141 in
1208 3086 1352 3142 antedicto
1366 3085 1482 3155 portitor,
1498 3092 1527 3139 ut
1537 3084 1577 3138 eis
1587 3097 1676 3153 prarae
1688 3082 1754 3152 tegis

129 3185 197 3223 unsrun
212 3172 249 3227 mi
264 3172 374 3241 impedit
389 3188 396 3224 :
412 3170 454 3225 iric
476 3173 546 3226 euim
569 3171 702 3226 canticum
725 3187 776 3225 non
803 3172 919 3227 interru-
972 3182 1095 3237 connitor
1111 3182 1260 3244 trienninm
1280 3177 1350 3248 quod
1366 3191 1419 3232 trau
1433 3174 1467 3231 ad
1488 3173 1603 3230 satutem
1616 3174 1754 3230 sceterata

133 3264 251 3328 ptionem
264 3262 405 3316 neronom
419 3262 497 3328 toltit,
521 3261 569 3317 sed
596 3260 709 3317 saturata
731 3260 835 3318 ridetur
852 3263 920 3319 inat·

131 3369 196 3406 rare
212 3353 344 3407 laetitiam.

170 3443 246 3497 i'ers.
260 3444 303 3498 ii.
316 3442 499 3498 Cartuertaatnr
510 3451 603 3515 perena
612 3461 651 3498 res
665 3445 690 3498 itt
705 3445 830 3516 infernum
842 3461 851 3499 .·
864 3462 918 3502 am·

133 3551 179 3587 nes
192 3545 278 3604 penna
292 3552 349 3605 pute
363 3536 544 3590 obliviscuntur
565 3534 711 3590 Dorrrr'mou.
728 3536 803 3592 Venit
818 3537 851 3591 ad
865 3547 919 3595 toa·

134 3629 199 3678 tiam
214 3627 378 3692 sectionem,
393 3629 420 3682 in
434 3643 484 3698 qua
498 3629 683 3700 peccatoribus
698 3630 777 3686 tinem
797 3631 847 3684 stab
861 3629 918 3684 aia·

133 3716 229 3769 critate
242 3717 324 3771 animi
333 3720 486 3787 pronuntiat
494 3733 553 3774 esse
565 3732 716 3774 tentorum.
725 3718 918 3787 Cotruertantur,

134 3805 212 3870 dicit;
226 3804 261 3860 ab
276 3804 357 3876 trojus
372 3807 462 3862 arandi
477 3807 653 3863 delectatione
669 3809 806 3879 to'inntur,
818 3827 852 3866 ne
865 3812 920 3867 diu·

133 3906 187 3948 tus
203 3897 306 3965 possint
320 3898 345 3952 ia
360 3910 407 3951 sna
424 3898 558 3969 aoitnptate
579 3901 706 3970 gandera.
728 3901 870 3972 Sequitur,
892 3905 919 3959 in

135 3988 274 4054 inspersum,
290 4003 324 4045 rte
338 4005 367 4045 se
381 3991 522 4046 crederent
542 3993 606 4047 aiibi
626 4008 687 4049 asse
703 3997 856 4053 irritandas.
872 3996 920 4053 in·

132 4079 234 4147 [mum
251 4088 338 4134 autern
353 4080 453 4136 derunt
469 4091 510 4138 est
522 4084 556 4138 ab
568 4099 601 4139 eo
619 4085 689 4154 quod
706 4086 758 4142 iiiia
771 4090 865 4145 anione
876 4090 919 4159 ju·

133 4173 202 4240 gitar
216 4173 382 4228 interantur:
396 4178 464 4242 site,
477 4187 505 4232 ut
520 4178 628 4248 quidam
641 4181 743 4247 toturn,
760 4198 773 4238 a
788 4194 864 4253 parte
878 4187 919 4240 ia·

136 4259 243 4317 icriore.
266 4262 318 4318 Sed
340 4264 384 4320 irie
405 4266 532 4335 insternunt
553 4271 607 4323 rna
630 4270 738 4342 inteiligi
764 4283 916 4343 perpetuam

134 4367 263 4422 mortem,
281 4354 313 4410 ad
331 4370 410 4426 quant
434 4359 492 4413 sine
515 4358 595 4415 dubio
615 4365 767 4430 perventuri
788 4375 849 4421 suot
871 4367 915 4438 qui

972 3274 1104 3344 protieiat,
1119 3271 1167 3326 sed
1181 3271 1214 3326 ad
1229 3271 1342 3325 ruinam.
1427 3325 1431 3332 ‚

1008 3365 1083 3419 Vera.
1097 3363 1143 3418 tt.
1161 3360 1267 3430 Dtpuid,
1281 3358 1399 3424 Domine,
1414 3358 1536 3414 rapuisti
1549 3356 1753 3428 bapeaumes

970 3458 996 3510 in
1010 3455 1240 3524 opportunitatibus
1254 3454 1280 3507 in
1292 3453 1472 3507 tribuLtiouai
1486 3451 1627 3520 interiecto
1640 3450 1754 3519 diapsal-

971 3557 1058 3611 mate,
1079 3545 1151 3600 serait
1171 3544 1203 3598 ad
1223 3556 1348 3610 assartum
1371 3543 1519 3598 attembrunt
1535 3559 1542 3597 ε
1558 3541 1601 3597 uni
1627 3540 1753 3611 usurparis

971 3637 1041 3693 iltius
1067 3636 1135 3691 araia
1153 3645 1337 3706 peruastatis,
1365 3633 1523 3689 aidietorum
1539 3633 1753 3689 coarsiderntiono

971 3730 1082 3785 Domino
1096 3728 1161 3782 dieii
1175 3743 1249 3783 auore
1267 3727 1428 3782 marmium
1445 3727 1567 3782 ituuraam
1583 3744 1590 3781 ε
1607 3725 1658 3782 t'ur
1672 3743 1753 3783 reser-

969 3822 1024 3876 aisti
1040 3822 1132 3892 tarrpet
1148 3836 1199 3874 nott
1214 3819 1283 3889 qaod
1299 3820 1344 3875 iila
1359 3820 1445 3874 iocum
1458 3820 1641 3889 derelinquat,
1667 3829 1695 3876 et
1716 3819 1749 3875 ad

970 3912 1039 3966 atiud
1054 3912 1167 3981 spatium
1184 3909 1360 3965 transferatur
1373 3912 1416 3979 out
1432 3910 1529 3980 ubique
1543 3918 1613 3968 totus
1627 3920 1686 3976 est,
1703 3911 1750 3967 aa

970 4002 1044 4069 attasi
1060 4001 1204 4055 recessisse
1219 4000 1346 4064 creditur,
1359 4014 1418 4055 aaran
1434 3999 1576 4055 suns-entra
1592 4000 1749 4056 tardaverit.

969 4091 1022 4147 Sed
1038 4090 1099 4143 dum
1114 4090 1235 4157 surtarias
1248 4088 1345 4143 dixerit
1360 4103 1367 4143 :
1385 4088 1512 4157 Quoniam
1528 4105 1578 4142 uon
1593 4090 1751 4158 derciinqnes

969 4192 1110 4255 quarettter
1123 4190 1155 4246 te,
1171 4179 1289 4245 Domine,
1301 4179 1346 4234 hie
1358 4180 1489 4247 sentrizuc,
1498 4179 1605 4246 despicis
1619 4181 1645 4233 iu
1655 4194 1751 4249 oppor-

969 4271 1120 4326 tunitatibus
1130 4287 1139 4335 ,·
1151 4269 1196 4325 sed
1209 4268 1274 4324 iliud
1290 4277 1395 4323 eranistat
1407 4269 1468 4324 dicu
1481 4285 1505 4322 m
1515 4269 1649 4324 amariter·
1665 4283 1691 4325 et
1706 4270 1753 4328 ie·

970 4365 1083 4432 tinitire,
1107 4362 1176 4420 istud
1190 4374 1278 4417 autent
1307 4376 1354 4433 pro
1369 4362 1528 4431 parastaticam
1542 4363 1677 4418 anx⁷etate
1693 4370 1754 4433 pre-

98 4493 103 4500 .
133 4442 236 4498 Domini
250 4458 379 4516 precepta
393 4437 576 4506 contemnunt.
592 4450 714 4508 Dbiiuisei
723 4466 810 4511 autom
826 4459 914 4514 Durni-
930 4453 955 4514 D
969 4460 1050 4513 iatum
1064 4465 1114 4511 est.
1130 4452 1232 4525 despici
1242 4451 1312 4509 enim
1327 4467 1376 4509 nos
1389 4454 1532 4510 cre-tintus.
1547 4454 1569 4508 si
1585 4453 1625 4507 tei
1641 4454 1752 4511 mfnimo

132 4549 201 4593 aaran,
213 4545 255 4589 est
267 4539 402 4592 erroribus
415 4541 645 4610 superstitionum,
659 4555 686 4599 et
700 4560 777 4602 eoeno
793 4548 916 4621 roittpta·

132 4627 165 4678 tis
180 4625 292 4691 introiri,
308 4644 367 4683 nam
381 4634 531 4688 econtrario
547 4634 617 4692 iiiios
632 4652 766 4695 memores
782 4651 853 4709 suot,
868 4645 912 4716 aui

131 4715 192 4768 talia
205 4730 258 4770 aon
273 4718 419 4788 requirunt.

167 4804 242 4860 iera.
259 4806 302 4862 ts.
320 4806 447 4874 Quoniam
460 4827 509 4866 aaa
526 4813 550 4868 itt
565 4814 641 4884 paam
655 4816 745 4872 obiiuio
758 4819 804 4873 erit
815 4838 913 4891 parspe-

129 4898 184 4952 rit:
198 4899 321 4967 patientia
334 4917 475 4971 pauperum
495 4921 545 4959 noa
567 4908 657 4973 peribit
671 4909 696 4962 t'tt
710 4910 797 4978 pinam.
813 4912 913 4968 Vident

130 4989 256 5056 pnrpireta
270 4992 297 5044 in
310 4992 361 5048 troc
374 4994 473 5048 mundo
487 4994 612 5053 diuitibus
622 4997 758 5068 despectui
774 5017 833 5057 esse
847 5020 911 5074 pau·

129 5092 205 5147 peres
218 5121 225 5143 ,
240 5089 268 5135 et
283 5082 410 5138 ubtiriont
432 5087 626 5143 crudetissimae
640 5089 760 5156 deputati
774 5133 780 5158 ,
795 5094 822 5148 in
835 5095 912 5162 poem

128 5172 344 5242 seeuttqnanno
356 5175 483 5230 mentitus
495 5177 528 5231 ad
538 5179 709 5243 iuotranunrn
722 5184 825 5238 uenerit
836 5200 912 5240 mua·

126 5262 199 5325 dnm,
212 5277 305 5332 paupe
313 5279 342 5319 es
352 5263 406 5337 40
416 5282 468 5320 non
482 5267 544 5323 dicit
556 5283 615 5327 esse
626 5273 851 5340 contemnendum
863 5275 911 5331 sed

126 5361 188 5410 tane
200 5356 284 5424 magis
296 5357 323 5411 in
336 5361 491 5413 meritoriam
504 5358 607 5415 Dasmini
620 5361 678 5416 itios
689 5365 791 5432 uenire,
805 5366 912 5433 noanon

125 5443 221 5498 ‹tiriws
236 5445 315 5512 brojas
336 5447 427 5503 saeuii
446 5449 551 5520 aragisi
567 5449 625 5520 ejas
652 5454 807 5510 marteribus
821 5456 910 5513 eteiu-

125 5535 232 5590 darrtar.
251 5535 284 5590 iit
300 5551 382 5607 putare
401 5537 438 5594 itti
452 5556 577 5610 pauperes
592 5558 606 5598 a
621 5543 735 5601 Domina
748 5561 915 5606 consonemus

122 5638 213 5681 rnatnr
228 5629 347 5696 erpotis.
365 5629 433 5686 Dieit
448 5632 528 5693 enisu,
543 5637 665 5702 patientia
679 5652 832 5708 pauperum,
849 5655 911 5711 quar

970 4560 1089 4620 tempore
1114 4549 1288 4615 differamur3
1314 4546 1361 4603 sed
1382 4547 1427 4602 ilie
1449 4555 1510 4601 tutte
1534 4546 1618 4618 magis
1647 4548 1754 4604 uberius

969 4638 1085 4709 praestat.
1100 4654 1159 4694 euin
1175 4651 1278 4708 magam
1291 4637 1424 4708 patientia
1436 4638 1509 4706 (nisa.
1526 4638 1571 4706 A,
1582 4633 1626 4705 3.,
1640 4635 1685 4708 R,
1695 4638 1753 4708 pie·

968 4730 1041 4801 tatis)
1056 4730 1132 4785 nobis
1145 4729 1241 4784 solatia
1255 4727 1448 4783 subministrat.

1003 4822 1080 4878 Vere.
1094 4821 1140 4877 aa.
1155 4819 1222 4876 Dum
1237 4820 1349 4890 superbit
1362 4820 1465 4892 impius,
1479 4819 1624 4876 incertditur
1637 4834 1746 4894 pauper,

966 4911 1214 4983 comprebenduntur
1227 4912 1254 4966 in
1274 4909 1471 4983 capitationibus
1484 4910 1535 4965 suit
1549 4926 1612 4978 parat
1624 4912 1748 4985 eopitant.

966 5001 1117 5059 studiosius
1133 5011 1172 5057 est
1188 5003 1246 5056 true
1260 5001 1392 5057 scatentia
1407 5000 1594 5069 perscrutanda
1609 5016 1661 5056 :ne
1677 4993 1753 5071 put'e·

966 5102 1009 5147 tur
1024 5092 1120 5148 exinde
1133 5090 1219 5160 lastae
1243 5091 1304 5158 uri,
1325 5090 1385 5161 quit
1400 5100 1525 5161 peccator
1546 5092 1573 5146 in
1588 5090 1752 5146 transnanto

965 5183 1069 5239 ridetur
1087 5183 1189 5239 extatii.
1206 5182 1259 5239 Sed
1275 5183 1313 5237 sie
1327 5183 1414 5253 potius
1426 5181 1627 5252 intelligendum
1641 5190 1693 5246 est,
1710 5198 1753 5237 ra·

966 5275 1046 5346 pabit
1060 5277 1172 5345 turpius,
1194 5288 1254 5330 eum
1271 5273 1395 5329 adactum
1409 5273 1531 5343 malignae
1545 5272 1686 5328 uoluntatis
1702 5286 1752 5328 ea·

966 5368 1086 5437 piaverit.
1110 5369 1184 5423 Tana
1209 5367 1292 5437 stragis
1320 5381 1420 5436 pauper
1444 5365 1478 5421 ad
1504 5364 1622 5421 studium
1647 5367 1752 5423 tirtotis

964 5457 1129 5520 accenditur,
1153 5457 1213 5525 quia
1225 5458 1288 5511 dum
1300 5456 1398 5512 uiderit
1410 5463 1576 5524 paccatorem
1588 5456 1665 5511 nitriis
1677 5458 1752 5514 esuri·

965 5557 1063 5615 tatum,
1088 5549 1165 5604 taeiie
1180 5551 1252 5603 norit
1266 5562 1327 5603 essa
1341 5561 1482 5610 casurum:
1496 5555 1521 5603 et
1534 5550 1639 5606 aridius
1654 5552 1686 5605 ad
1702 5551 1751 5605 iun·

964 5639 1034 5694 nnita
1049 5640 1141 5706 tendit,
1158 5643 1226 5695 riade
1236 5654 1265 5695 se
1277 5638 1449 5695 oasitaadum
1459 5640 1547 5711 patius
1559 5657 1618 5699 osse
1630 5642 1750 5699 portion.
