3794 6128
122 256 189 314 tati

668 248 712 307 uti
731 244 1010 306 ottttlocttttttta.
1030 244 1224 303 subsisto.

1684 234 1760 299 iiii

157 371 185 425 5.
200 369 263 424 Post
277 371 373 425 libram
391 383 495 439 quoque
511 367 661 433 titulorum,
676 382 754 435 quem
775 365 809 419 dc
825 361 915 418 diuina
930 364 955 422 Α
970 376 1041 426 rum,
1057 371 1154 417 cuncto
1171 361 1252 416 lectio
1265 359 1364 417 decora
1380 361 1461 416 rtirnis
1484 368 1512 416 rt
1532 368 1652 416 correcta
1666 360 1762 414 redda-

121 464 259 531 Scriptura
277 464 432 528 collectum,
461 463 643 516 blertrorialcru
660 461 731 515 rotet
756 460 915 524 rtrrnrupari,

122 563 149 606 ιιι
167 555 284 609 brcritcr
297 564 393 610 cuncta
411 563 583 623 percurrant,
600 551 647 621 qui
660 551 749 622 legere
761 551 867 620 prolixa
879 551 917 602 ia·

121 645 248 699 stiriiuut.

160 735 189 790 ti.
202 735 266 790 Post
278 734 486 806 Complexiones
501 734 528 788 iu
543 731 672 802 Epistolis
685 730 864 799 apostolom?
874 741 918 796 ,ιι

123 827 235 883 acribus
247 842 353 892 eorum,
368 838 395 882 et
420 827 593 899 Apocalypsi,
607 825 683 896 quasi
698 824 853 880 brevissima
870 838 917 877 ct-

121 919 276 987 planatone
293 920 432 974 durrrrsas.

159 1007 187 1063 7.
210 1008 250 1064 td
278 1011 478 1066 amantissimos
506 1007 704 1079 orthographos
732 1002 918 1059 discutiendos

122 1113 197 1155 arno
211 1099 298 1154 aetatis
315 1114 381 1154 ruere
407 1102 583 1167 ttonages‘tmo
605 1099 686 1153 tertio
701 1095 825 1166 (Dourion
841 1093 918 1165 adju·

123 1188 217 1262 rantr·)
230 1191 354 1261 perveni.
372 1191 408 1246 se
425 1191 523 1262 quihus
543 1191 565 1246 si
593 1191 620 1245 io
637 1205 720 1244 unum
746 1190 857 1243 saltrero
871 1189 920 1242 dc-

125 1279 219 1335 ssorata
235 1281 374 1352 colligere,
386 1290 516 1350 quantum
531 1281 563 1334 a?
579 1295 626 1336 eos
643 1281 769 1347 pertinet,
783 1279 920 1347 quosbrc-

126 1372 238 1426 claudos
252 1385 312 1426 csse
326 1371 444 1440 suscepi,
463 1372 649 1428 conluuionem
665 1369 824 1426 emendator
839 1376 919 1437 atque

124 1463 253 1532 scriptor,
266 1462 288 1515 si
309 1462 377 1517 beoe
392 1461 556 1518 intellexerit
570 1460 722 1534 (arbitror),
738 1457 852 1514 ulterius
865 1472 917 1511 nan

125 1551 245 1608 habebi.

163 1641 280 1696 Minatus
294 1642 370 1697 labor
380 1641 491 1713 syllabis
505 1642 657 1712 litterisque
680 1639 828 1696 tractandis
845 1637 918 1712 [ms.

970 461 1022 506 tur.
1039 454 1065 508 Si
1081 453 1141 522 quis
1160 461 1249 508 autem
1275 461 1398 509 auctores
1422 453 1621 522 orthographos
1646 452 1672 507 in
1689 461 1762 507 textu

969 558 1019 599 sno
1035 544 1125 614 legere
1150 544 1264 600 sortasse
1289 545 1414 613 soluerit,
1432 544 1610 614 transcriptos
1631 545 1760 608 imeuiet,

969 647 1036 700 quus
1049 649 1116 703 ego,
1140 642 1254 704 quantos
1270 635 1343 702 potui
1359 635 1491 705 reperire,
1504 632 1668 691 monasterio
1689 649 1761 700 mco,

970 735 1115 797 prestante
1127 728 1251 795 homino,
1267 729 1397 798 dereliqui
1408 744 1416 795 ;
1429 738 1457 782 ιιι
1471 730 1550 783 latius
1561 728 1632 784 dicta
1648 727 1762 797 probare

969 820 1084 890 possetis
1098 822 1124 875 iu
1139 821 1293 876 auctoribus
1317 822 1385 887 suis,
1402 834 1473 890 quos
1489 834 1544 875 unu
1564 827 1674 889 propter
1688 819 1762 873 iasti-

969 912 1042 966 dirrm
1054 923 1173 968 teretrum
1185 912 1355 968 deflorandos
1364 928 1425 967 esse
1435 913 1597 983 putariruus.
1608 911 1673 965 illud
1682 911 1761 965 etiam

970 1018 1019 1059 ros
1034 1018 1197 1074 magnopere
1212 1004 1312 1058 credidi
1326 1005 1551 1067 commonendos,
1570 1011 1601 1056 ut
1613 1001 1763 1056 distinetio-

970 1111 1019 1152 oes
1033 1110 1160 1150 sensuum
1176 1094 1290 1150 sollicita
1321 1104 1411 1151 mente
1434 1094 1589 1163 perquirere
1611 1107 1643 1148 ac
1662 1107 1763 1163 ponere

970 1189 1103 1253 debeatis,
1115 1186 1176 1242 siue
1190 1187 1285 1257 quibus
1297 1202 1385 1254 neque
1397 1187 1486 1256 legere
1496 1185 1638 1255 quidquam
1656 1199 1764 1253 compe-

971 1288 1068 1344 tenter,
1083 1293 1170 1349 neque
1185 1278 1336 1348 intelligere
1351 1278 1541 1347 preeraleuus.

1005 1371 1081 1427 Scire
1098 1381 1187 1426 autern
1211 1371 1340 1426 debemus
1363 1371 1494 1426 Donatum
1517 1367 1701 1439 artigraphum
1728 1367 1764 1422 de

972 1465 1098 1535 posituris
1113 1463 1148 1518 ita
1165 1473 1305 1528 tractasse,
1318 1471 1349 1517 ut
1372 1478 1425 1517 oon
1442 1463 1478 1518 ihi
1494 1463 1629 1529 ordinem,
1646 1463 1692 1516 scd
1709 1462 1764 1514 rir-

971 1567 1043 1615 tutes
1056 1569 1148 1612 earurn
1173 1555 1260 1625 potius
1273 1553 1426 1618 exprimere
1438 1554 1569 1608 rideatur.
1593 1551 1659 1607 liam
1674 1549 1698 1606 si
1711 1551 1767 1606 dis-

972 1649 1129 1706 tinctionum
1150 1647 1247 1703 seriem
1271 1662 1319 1717 per
1332 1645 1431 1716 gradus
1450 1645 1575 1716 cognitos
1594 1655 1765 1714 sequeretur,

126 1730 309 1804 tractanrlusi,
325 1733 405 1788 modo
429 1732 514 1789 iactus
530 1749 562 1790 ex
578 1732 718 1788 nourioum
740 1731 917 1798 derivatione,
936 1740 1058 1812 Βρήιῃο
1081 1739 1198 1808 plenam,
1219 1737 1317 1793 deiende
1342 1739 1455 1792 suediam
1478 1750 1645 1806 nequaquam
1661 1750 1761 1805 ponere

126 1820 209 1876 uredo
223 1837 256 1879 es
278 1823 385 1879 casibus
408 1839 578 1891 sermonum,
595 1824 676 1878 modo
700 1839 733 1879 er
752 1830 921 1891 metuatque

126 1911 191 1978 sito,
205 1912 285 1968 mettio
297 1927 331 1969 ct
344 1914 485 1984 euphonia
499 1914 684 1980 consonantia,
702 1914 782 1968 nrodo
796 1929 828 1968 er
845 1910 920 1967 Grae·

125 2018 219 2060 earum
240 2005 389 2062 litterarum
413 2007 587 2061 similitudine
601 2025 609 2060 ι
625 2007 742 2076 probans
765 2005 828 2075 quid
854 2003 922 2060 scri-

126 2097 320 2163 heremberti,
336 2108 364 2154 et
384 2099 446 2169 quid
472 2100 557 2154 vitare
577 2098 726 2154 contendas
740 2115 748 2151 ι
764 2096 845 2152 nrodo
870 2096 922 2150 uti

126 2204 235 2260 quoque
247 2189 336 2246 littera
350 2190 461 2261 simplex
481 2189 507 2245 io
521 2189 681 2261 quilursdam
695 2187 865 2244 sermonibus
879 2202 921 2242 rc·

127 2292 171 2337 rte
183 2281 290 2352 quidem
301 2283 382 2338 scribi
396 2283 478 2350 dicat,
490 2282 536 2337 sed
553 2300 569 2337 u
584 2282 681 2337 litterae
692 2295 790 2337 sonum
804 2280 921 2349 plerum·

128 2390 181 2444 que
202 2375 240 2429 illi
260 2376 405 2432 succedere
427 2391 505 2445 posse
520 2383 640 2430 testetur.
657 2375 748 2445 ltaque
766 2371 839 2442 quarl
859 2380 922 2426 aute

129 2467 298 2522 scribebatur
311 2482 385 2537 pcrtr
398 2476 425 2521 et
438 2483 463 2533 e,
480 2466 590 2536 perduc
604 2483 621 2519 ιι
637 2465 743 2520 amodo
753 2463 923 2519 scriltcreoo-

128 2552 192 2611 hilis
204 2559 335 2613 rectitudo
346 2556 481 2613 scribendi
497 2571 544 2628 pcr
559 2557 616 2612 rias
626 2555 791 2613 certissimas
810 2555 921 2609 inresti-

127 2653 190 2717 gata
201 2660 261 2701 esse
273 2646 393 2708 rideou:
408 2656 436 2701 et
450 2648 511 2703 idco
524 2663 642 2717 praeseus
657 2661 724 2717 opus
735 2661 788 2700 uon
800 2645 869 2701 desit
882 2644 922 2698 di·

130 2748 245 2799 rectum.
260 2747 288 2795 ut
299 2739 407 2806 volnus,
423 2740 536 2807 uulnus;
552 2741 562 2794 i
577 2755 625 2810 pro
639 2757 663 2803 e,
689 2747 719 2794 ut
731 2738 802 2809 quod
819 2736 923 2806 antiqui

129 2830 245 2900 magnai,
261 2846 309 2885 uos
321 2846 440 2902 magua:
455 2849 468 2885 c
484 2848 531 2902 pro
543 2849 580 2902 q:
596 2842 702 2888 veteres
714 2844 805 2900 quum,
819 2828 933 2884 moder·'

130 2919 242 2974 uicum
266 2921 348 2977 scribi
376 2924 476 2978 rectius
502 2924 685 2989 aestimaruut;
711 2930 739 2977 et
753 2929 923 2990 caeteraque

129 3012 224 3068 subtrli
236 3013 353 3084 quidem,
363 3015 410 3071 sed
419 3017 568 3072 necessaria
584 3015 756 3071 ditinctione
766 3021 920 3078 narrantur,

975 1830 1119 1903 potui-set,
1133 1828 1231 1884 deinde
1246 1826 1329 1898 magis
1352 1829 1494 1895 inciperet,
1509 1826 1553 1881 ubi
1570 1824 1704 1894 predicta
1718 1839 1766 1893 po·

973 1922 1065 1978 siturae
1087 1920 1122 1977 ad
1149 1920 1229 1975 linem
1253 1920 1365 1975 tendere
1397 1920 1616 1988 comprobantur.
1640 1919 1766 1989 Sequitur

973 2010 1176 2079 subdistinctio,
1201 2009 1299 2067 deinde
1324 2011 1422 2076 media,
1444 2026 1504 2080 quse
1529 2010 1635 2080 plenam
1660 2025 1767 2080 semper

972 2102 1131 2173 praecedunt
1142 2103 1230 2172 potius
1246 2116 1327 2172 quam
1339 2112 1497 2170 sequuntur.
1513 2102 1566 2156 scd
1586 2099 1668 2172 (sieut
1680 2101 1765 2157 visum

973 2202 1079 2251 constat
1090 2209 1151 2251 esse
1167 2193 1341 2263 doctissimis)
1354 2195 1426 2251 hunc
1439 2196 1569 2251 debemus
1583 2194 1706 2252 ordinem
1720 2210 1767 2250 cu·

973 2286 1091 2351 stodirc;
1115 2296 1144 2341 ut
1160 2287 1245 2355 primo
1259 2286 1293 2341 de
1312 2284 1537 2341 subdistinctione
1551 2285 1683 2350 dicamus,
1707 2301 1767 2355 quas

976 2378 1014 2432 ibi
1027 2392 1133 2448 semper
1143 2376 1298 2447 apponitur,
1310 2377 1355 2432 ubi
1369 2375 1539 2432 incommote
1551 2386 1640 2431 sermo
1655 2390 1769 2446 suspen-

978 2487 1023 2529 sus
1049 2472 1136 2526 adhuc
1156 2470 1309 2527 reddendus
1333 2484 1395 2526 esse
1417 2468 1603 2541 cognoscitur;
1622 2478 1661 2534 ut,
1687 2471 1767 2523 Arma

977 2580 1118 2635 serumque
1137 2580 1220 2631 eamq
1247 2564 1290 2620 ubi
1307 2564 1388 2620 torius
1402 2563 1492 2634 operis
1512 2577 1616 2619 summa
1642 2561 1767 2617 conclusa

974 2668 1026 2713 ost.
1041 2656 1121 2711 drma
1139 2657 1223 2719 enirn,
1237 2653 1332 2709 ancilia
1344 2653 1482 2726 Virgilius,
1494 2653 1636 2724 virumque
1646 2653 1768 2706 dicturus

975 2759 1028 2806 est.
1042 2750 1095 2805 Sed
1111 2749 1248 2819 quoniam,
1266 2762 1345 2813 cauo,
1361 2745 1471 2813 respicit
1485 2745 1519 2801 ad
1541 2758 1693 2814 utrumque,
1710 2744 1765 2810 hic,

976 2840 1001 2894 hl
1013 2849 1063 2901 est.
1074 2855 1159 2906 arma,
1171 2836 1358 2893 subdistinctio
1367 2845 1439 2892 recte
1456 2835 1578 2906 portenda
1589 2843 1641 2890 est.
1654 2833 1766 2889 Mediam

975 2931 1207 3002 voroaihgendam
1218 2944 1278 2984 esse
1288 2936 1394 2984 constat
1408 2928 1436 2982 in
1450 2937 1596 2992 commate,
1604 2940 1665 2980 cum
1679 2927 1767 2981 nulius

975 3038 1065 3078 serruo
1094 3023 1144 3078 rice
1160 3031 1180 3087 t,
1204 3020 1251 3076 sed
1276 3019 1407 3091 gradatim
1431 3018 1517 3073 tendit
1539 3018 1571 3070 nd
1594 3018 1711 3086 plenam,
1726 3026 1765 3086 ιιι,

129 3119 184 3158 uon
204 3105 332 3161 relociter
346 3109 503 3173 transcurri,
524 3108 571 3164 sed
586 3107 701 3164 sollicita
716 3105 814 3162 meotis
830 3094 958 3160 iuteo-C
1034 3135 1169 3186 mimus
1180 3146 1270 3192 mum„
1285 3140 1310 3182 ει
1323 3135 1410 3181 mn„
1422 3131 1548 3195 mmm„
1558 3129 1644 3179 urbis:

129 3198 207 3250 tione
220 3196 345 3263 tractari3
361 3206 389 3251 ut
403 3213 463 3269 qure
476 3198 571 3265 incipis
583 3198 651 3253 beue
667 3197 782 3263 dicore,
795 3197 827 3250 ad
840 3198 920 3251 sturm

129 3287 304 3353 perfectiouis
324 3289 452 3346 tuoueosa
469 3291 568 3346 debeas
583 3291 802 3360 pronuntiatione
824 3289 921 3360 perdu-

130 3392 206 3437 cere.
225 3379 290 3435 llam
304 3382 327 3437 si
343 3384 419 3439 robis
433 3383 503 3439 adsit
513 3383 634 3456 cap'endi
649 3384 825 3447 desiderium,
841 3386 924 3456 606

130 3484 193 3541 quas
213 3474 285 3540 prius
306 3489 354 3542 per
370 3489 471 3530 moram
487 3475 631 3545 quesistis,
648 3475 770 3545 protinus
793 3476 921 3531 inolleusa

131 3561 276 3618 eeleritate
290 3565 490 3620 transcurretis.

168 3652 321 3710 Gloriosum
336 3657 455 3724 proiecto
467 3657 595 3725 studium,
611 3665 640 3710 ot
652 3656 774 3712 humanis
784 3670 816 3711 ac
825 3656 924 3711 diuinis

132 3745 231 3800 litteris
245 3746 287 3818 (ut
303 3747 421 3820 ridetur)
442 3749 659 3818 accommodum,
683 3748 753 3819 quod
780 3750 851 3820 loqui
876 3750 923 3804 de-

132 3834 210 3901 bas,
229 3852 412 3910 competenter
434 3843 567 3906 seribere;
596 3851 624 3897 et
647 3858 706 3910 qun
727 3841 827 3909 scripta
850 3852 923 3905 suut,

133 3928 194 3981 siue
214 3926 302 3999 aliqua
322 3932 422 3987 erroris
443 3931 616 4002 aterbiguitate
629 3930 760 4000 prolerre.
773 3928 831 3984 vox
852 3930 924 3985 euim

134 4020 276 4075 articulata
290 4005 305 4078 a
319 4023 460 4096 pecoribus
474 4038 522 4077 nos
536 4031 701 4091 sequestrat;
716 4021 852 4078 scribendi
862 4038 927 4078 seur

133 4111 207 4165 ratio
220 4110 255 4165 ab
267 4112 400 4176 importes
421 4114 513 4168 ditltht
535 4123 562 4169 et
575 4114 694 4170 confusis
707 4131 713 4166 :
729 4114 765 4168 ita
778 4112 926 4184 perlectum

135 4200 273 4257 ltoruincm
288 4205 341 4259 duo
357 4206 407 4259 ista
424 4206 474 4260 sibi
489 4205 626 4260 vindicant
639 4221 670 4260 ac
693 4205 849 4262 defenduut.
861 4205 926 4260 Nam

135 4307 198 4347 cum
214 4294 263 4349 sibi
279 4297 352 4359 talia,
368 4310 428 4365 quae
451 4308 514 4350 sunt
539 4297 593 4351 duo
616 4295 727 4358 lumina,
742 4295 927 4357 consentium,

136 4390 250 4450 utraque
265 4393 349 4449 recta,
367 4395 479 4458 utraque
492 4386 589 4442 decora
612 4394 675 4441 sunt
686 4402 694 4443 r
707 4401 768 4442 cum
782 4401 847 4442 vero
862 4402 877 4441 a
899 4404 927 4442 se

1012 3239 1094 3295 i‘lem
1107 3249 1149 3294 est
1172 3248 1273 3298 autem.
1302 3235 1348 3291 ubi
1376 3233 1468 3290 hnitur
1481 3236 1599 3306 perlecta
1614 3234 1745 3290 sententia
1760 3252 1767 3288 :

975 3341 1005 3388 ut
1020 3339 1063 3386 est
1075 3329 1152 3395 iilud,

1006 3470 1014 3485 .
1035 3437 1120 3490 'lanto
1129 3435 1402 3488 moliseratllontaotm
1412 3435 1640 3500 conderegeutem.

1011 3542 1269 3602 Suhdistinctiouem
1293 3556 1358 3598 rere
1383 3541 1426 3598 rel
1455 3541 1571 3597 urediam
1595 3557 1647 3597 non
1670 3542 1767 3599 credas

976 3638 1062 3704 ipsum
1087 3632 1208 3688 ordinem
1232 3648 1341 3702 semper
1365 3640 1468 3698 tenere,
1488 3647 1568 3702 quern
1592 3631 1724 3700 diximus,
1741 3645 1768 3688 ut

975 3723 1165 3780 subdistinctio
1177 3722 1324 3790 praecedat.
1340 3731 1367 3776 et
1383 3721 1472 3776 media
1497 3731 1681 3792 consequatur
1697 3739 1704 3776 :
1720 3726 1767 3778 sed

977 3827 1026 3882 pro
1048 3813 1151 3866 ratione
1165 3811 1320 3879 supradicta
1344 3810 1411 3865 loris
1426 3813 1556 3879 congruis
1578 3819 1767 3881 apponuntur3

977 3913 1007 3960 ut
1021 3904 1206 3960 distinctiones
1220 3902 1278 3957 istae
1304 3901 1374 3957 bene
1388 3902 1483 3972 posite
1503 3917 1611 3957 sensum
1636 3903 1714 3957 nobis
1727 3902 1770 3959 le·

977 3995 1075 4053 otioois
1089 3993 1230 4049 evidenter
1244 3991 1378 4059 aperiant.
1394 3993 1460 4047 llam
1476 3992 1594 4048 sialiter
1610 3991 1768 4062 distinguas,

979 4091 1037 4144 sirie
1052 4086 1222 4143 dubitatione
1231 4092 1328 4140 cuncta
1342 4083 1495 4139 contundis.

1018 4182 1071 4236 llas
1083 4195 1148 4235 nero
1163 4178 1364 4245 distinctiones,
1380 4193 1427 4233 seu
1443 4177 1577 4248 posituras
1602 4178 1718 4248 (Donato
1733 4187 1758 4235 te

979 4270 1078 4342 stante)
1094 4270 1275 4332 Concilione
1290 4277 1398 4325 rorant.
1417 4269 1547 4324 i‘eriodus
1563 4279 1604 4324 est
1618 4278 1705 4324 autem
1725 4284 1767 4338 prr

981 4365 1088 4433 longum
1103 4363 1189 4434 plenae
1203 4361 1345 4418 sententia
1360 4360 1442 4416 ducta
1457 4360 1598 4430 pausatio;
1613 4360 1690 4430 cujus
1711 4376 1772 4431 par-

136 4475 291 4544 discrepare
303 4479 449 4548 ruperint,
464 4480 556 4534 sitium
571 4479 670 4534 strabae
691 4478 820 4536 loeditatis
835 4481 927 4535 iocur·
944 4469 968 4528 tt
983 4469 1023 4510 ’θ’
1041 4465 1104 4510 ⁸⁰⁰¹
1119 4455 1177 4509 ⁰⁰¹²
1192 4463 1219 4509 ei
1241 4463 1386 4509 ⁰⁰¹¹¹¹¹¹²¹³·
1401 4452 1454 4509 sed
1471 4461 1615 4522 ²⁰²⁰i¹¹³¹¹¹
1640 4468 1707 4524 (ΨΜ
1720 4454 1771 4510 0³·

136 4571 211 4620 strui.

175 4653 234 4708 Erit
250 4655 339 4724 itaque
355 4657 520 4725 prrrpnsitum
544 4667 675 4724 nostrum,
696 4673 756 4727 quae
770 4669 929 4726 competen-

137 4747 181 4802 icr
196 4746 332 4802 nomana
350 4746 539 4806 consuetudini
559 4751 724 4820 abantiquis
747 4754 843 4807 tradita
855 4763 928 4818 suot,

137 4837 215 4906 qnasi
230 4837 256 4891 in
272 4855 351 4893 unam
367 4855 494 4894 cornuam
519 4841 657 4911 redigere,
683 4853 710 4898 et
732 4843 792 4897 usui
807 4844 930 4900 edebor-

138 4933 209 4985 rimo
219 4929 362 4998 deputare;
378 4932 419 4986 iila
436 4949 499 4987 vcro
520 4950 580 5004 quat
603 4935 754 5004 antiquitati
769 4937 853 5007 magis
866 4952 927 4991 con-

136 5022 262 5089 veniunt,
271 5025 380 5093 expedit
392 5025 450 5079 sinc
465 5026 632 5082 dubitatione
640 5027 803 5097 relinquere,
816 5028 932 5082 uelahur

137 5124 292 5169 assumatur
313 5118 485 5186 incongruus,
503 5120 546 5186 qui
564 5121 690 5188 prasenti
711 5119 811 5174 srcculo
826 5121 932 5174 ridetur

139 5206 254 5261 iurrtilis.
270 5207 311 5263 Sit
333 5223 397 5277 ergo
423 5210 448 5262 iu
473 5210 560 5280 pimo
585 5212 653 5267 libro
670 5211 868 5267 institutionum
884 5230 931 5264 no-

138 5304 272 5362 strsrum,
286 5300 363 5351 titulo
387 5300 491 5354 decimo
510 5303 618 5369 quinto,
632 5302 856 5371 quemadmodum
881 5303 930 5369 logi

138 5385 238 5441 dubet
258 5387 376 5442 roeicstis
398 5401 564 5444 arrrrorrtas:
581 5390 624 5444 rrhi
651 5391 777 5445 idiomata
802 5392 866 5461 logis
888 5392 930 5446 di-

139 5491 211 5532 stnae
234 5482 370 5534 rotruoutri
399 5480 456 5534 usui
481 5483 654 5551 repugnantia
683 5498 735 5536 nou
761 5483 932 5552 permisimus

137 5571 277 5636 des—iperi.
295 5572 342 5626 llic
357 5585 457 5637 autem,
471 5572 497 5626 iu
513 5572 581 5626 libro
595 5573 700 5629 scilicet
714 5572 932 5644 orthographia,

139 5660 253 5714 liberius
272 5671 299 5715 et
310 5663 472 5730 generalitor
487 5671 637 5733 appetatur,
660 5664 886 5732 quetuarhuolum
900 5681 932 5718 etr

142 5755 241 5823 tegati-
259 5757 354 5810 artium
370 5756 555 5822 huutauarum,
573 5756 646 5811 salta
663 5755 823 5812 arretoritrre
840 5757 930 5810 serriu-

981 4545 1149 4617 thographiae
1163 4544 1292 4601 inchoare
1303 4544 1455 4610 videamur,
1477 4547 1660 4614 prefationem
1677 4545 1774 4599 Phorat

980 4639 1137 4710 artigraphi,
1151 4637 1266 4706 exempli
1279 4651 1371 4704 causa,
1381 4637 1557 4707 judicavimus
1567 4636 1772 4707 apponendam;

981 4745 1041 4799 qum
1055 4741 1153 4785 cuncto
1167 4730 1241 4800 operi
1264 4739 1369 4793 mistro,
1385 4729 1461 4799 quasi
1478 4744 1492 4781 a
1508 4727 1584 4783 nobis
1608 4727 1708 4797 prolabi
1728 4728 1772 4791 sit,

981 4817 1017 4874 ita
1029 4819 1153 4873 omnibus
1169 4819 1256 4874 modis
1269 4819 1375 4874 ridetur
1388 4817 1571 4873 accommoda.

983 4929 1031 4981 Ars
1044 4944 1100 4981 usco
1114 4927 1253 4980 multorum
1267 4942 1304 4990 es,
1316 4942 1379 4994 quos
1389 4927 1485 4980 seculo
1500 4924 1584 4991 prisca
1597 4924 1728 4980 tulauut:

1039 5019 1092 5073 Sed
1105 5035 1169 5072 nouo
1183 5027 1207 5072 te
1217 5019 1323 5071 breuiter
1337 5018 1428 5071 arserit
1439 5032 1492 5071 esse
1505 5033 1596 5072 meent.

986 5111 1079 5165 Onnum
1093 5128 1149 5164 rum
1164 5120 1274 5164 ueterum
1287 5111 1337 5164 sint
1351 5113 1482 5178 explorata
1495 5107 1599 5174 inette,

1041 5200 1125 5256 litrito
1140 5200 1210 5270 loqui
1220 5200 1327 5253 breviter
1339 5200 1371 5254 st't
1385 5200 1507 5254 iteritatis
1521 5215 1594 5270 opus.

983 5293 1019 5348 ie
1030 5294 1124 5365 relegat
1130 5291 1244 5363 junonis,
1255 5306 1330 5360 qtreru
1343 5290 1450 5362 qorrtrle
1464 5291 1559 5362 popina
1576 5299 1654 5346 terret

1039 5387 1089 5440 dut
1099 5386 1120 5438 si
1135 5400 1208 5453 quem
1220 5384 1307 5452 peuces
1319 5383 1386 5436 seria
1401 5398 1474 5436 nosse
1483 5383 1570 5453 juvat.

987 5479 1022 5533 Te
1037 5480 1175 5551 lonqinquo
1192 5490 1278 5546 petrus
1295 5479 1412 5532 comitem
1426 5478 1474 5531 sibi
1488 5480 1556 5545 [erre
1569 5477 1649 5530 ra'otor

1042 5574 1082 5629 Νι
1096 5574 1204 5639 dubitet,
1216 5590 1296 5645 paruo
1312 5575 1422 5641 pondere
1435 5571 1516 5626 multo
1529 5570 1629 5625 acheris.

990 5667 1024 5721 Te
1038 5669 1060 5720 si
1074 5665 1431 5736 quocunqueversum
1448 5662 1502 5716 uilo
1517 5674 1636 5733 queretur

1044 5756 1156 5824 horario,
1173 5773 1217 5811 uec
1229 5757 1325 5829 inproti
1339 5756 1409 5810 triste
1423 5753 1518 5809 loboris
1534 5770 1607 5809 retus
