3794 6128
125 247 173 321 cat
740 261 777 317 u.
799 260 937 318 tenent
958 260 1158 319 casstonont
1715 265 1771 322 aas

125 381 474 447 virtutemoperatttsesttn
489 374 652 430 cantatione
667 384 831 443 sanctornm
845 376 918 446 qttotl
934 376 1112 446 Aappellari,
1134 378 1203 433 sicut
1228 376 1285 446 ipse
1309 377 1335 431 io
1359 376 1504 450 Evangelio
1527 377 1610 434 dicit:
1633 377 1690 451 Ege
1712 397 1772 434 ram

125 468 240 524 inlerius
255 469 312 537 lpse
326 467 445 521 dicturus
461 475 513 521 ost.
970 471 1064 523 ortium
1079 471 1163 523 aetram
1189 466 1279 539 (loon.
1294 485 1321 536 rt,
1338 467 1377 542 t),
1390 479 1442 525 etc.
1460 470 1597 539 Sequitur,
1608 471 1674 540 jani
1685 471 1773 522 intro-

161 558 239 614 Vers.
258 559 302 616 lb.
326 557 437 611 Dratera
460 556 565 612 Domini
588 558 781 612 exaltabiture.
807 557 920 614 uenero
973 559 1176 630 temperem.
1195 560 1227 613 ut
1240 560 1291 613 ltnc
1306 575 1411 629 qttopuc
1431 560 1566 615 subtiliter
1585 558 1772 627 inquiramus,

127 647 427 714 domininationem
441 650 556 703 terrettis
573 649 863 704 bortrinibuscoelnrum
879 666 920 704 re·
971 662 1019 704 cur
1040 650 1161 718 superius
1182 650 1290 713 dixerit,
1310 658 1399 718 portas
1417 650 1537 721 justitia,
1560 657 1587 706 et
1602 649 1645 705 bic
1665 652 1772 721 posuit,

124 753 175 809 gna
194 739 328 794 cont-edit.
345 739 413 805 Quid
437 740 508 794 anim
531 740 667 806 potentius
689 755 768 809 qoam
790 741 920 796 mortales
968 740 1036 811 jacti
1049 741 1181 792 intrabunt
1193 755 1239 810 per
1254 741 1331 794 eant?
1353 739 1506 809 sigttilicaos
1521 740 1561 809 (ut
1575 739 1640 795 mibi
1652 740 1775 806 rideturl

125 827 238 883 induere
256 828 502 895 immortalitatem,
525 829 715 898 corruptibiles
741 830 921 896 incorruptio·
971 827 1026 898 jam
1047 844 1099 883 non
1121 828 1273 897 Scripturas
1295 828 1411 894 divinas,
1427 844 1476 899 per
1496 843 1563 899 quas
1584 838 1728 886 transeunt
1748 842 1777 887 et

127 932 201 982 nem,
217 921 403 988 peccatoribus
417 920 622 989 beatitudinem,
634 919 669 976 de
684 920 761 977 bnste
774 921 921 978 fortissimo
974 918 1065 989 injusti
1080 937 1087 987 ;
1105 919 1153 975 sed
1169 919 1241 974 illam
1257 919 1405 975 ierusalem
1420 936 1480 989 ntra
1501 929 1605 990 portam
1619 921 1702 978 babet
1718 921 1775 977 Do·

125 1008 239 1065 infirmis
253 1009 319 1065 dare
330 1012 470 1065 victoriam
483 1010 495 1064 l

164 1101 240 1156 Vera.
258 1102 301 1156 l'l.
314 1100 342 1155 Ν
344 1117 376 1156 att
388 1104 495 1169 moriar,
508 1103 553 1158 ted
565 1104 668 1170 riaam;
682 1113 706 1158 et
720 1103 831 1157 narrabo
843 1120 923 1172 opera

126 1188 243 1245 ltatnini.
257 1190 354 1246 Contra
366 1192 408 1246 illa
422 1193 479 1249 baec
491 1194 626 1259 dicuntur,
637 1210 697 1264 quae
712 1195 854 1250 aduersum
872 1195 924 1250 lic·

126 1283 236 1338 clesiarn
251 1281 351 1338 Christi
366 1296 567 1353 persecutorum
579 1287 651 1357 loqtti
664 1287 733 1343 solet
748 1288 842 1342 insana
857 1304 921 1353 pro-

125 1380 245 1446 cacitas,
263 1394 323 1449 qne
342 1394 403 1435 cum
424 1396 454 1435 se
472 1382 563 1437 delere
588 1395 684 1436 nomen
709 1383 823 1436 aestimat
843 1382 921 1438 Citri-

126 1471 255 1540 suanum,
276 1482 407 1542 prestare
430 1475 519 1544 potius
538 1475 644 1530 videtur
666 1485 847 1546 angmentum.
873 1476 922 1531 Cui

127 1571 225 1626 merito
240 1570 365 1627 dicituro
382 1572 470 1627 ndett:
488 1573 549 1626 Non
560 1575 668 1639 moriar,
681 1584 710 1628 ut
725 1583 752 1629 tu
769 1584 861 1644 prttas3
879 1576 923 1629 sed

128 1662 277 1718 ainamrita
291 1677 370 1733 quam
387 1663 494 1729 nescis:
510 1664 542 1718 ad
565 1668 644 1735 qrtam
664 1675 754 1720 mente
774 1664 922 1732 praetumidi

128 1753 270 1822 pertenire
293 1767 346 1807 nott
363 1762 484 1823 possunt.
506 1752 683 1809 Narraturum
697 1769 727 1810 se
740 1745 825 1811 'etiam
846 1772 924 1824 opera

129 1842 236 1897 Domini
250 1841 402 1913 pollicetur,
417 1854 445 1900 ut
461 1861 568 1915 semper
588 1854 717 1916 augeatur
736 1847 856 1902 Ecclesia
879 1848 924 1904 tali

128 1937 320 2006 praedicatione
333 1940 450 2011 vulgata.
466 1940 534 2008 Quid
550 1949 639 2011 potest
658 1942 813 1999 crudelibus
834 1958 925 2014 perse-

127 2029 184 2095 pti,
208 2029 392 2099 nuncrident
415 2046 523 2102 semper
548 2033 783 2102 persecutionibus
809 2034 924 2104 augeri?

128 2120 235 2187 Quanto
258 2121 355 2175 melius
378 2129 406 2176 et
428 2123 479 2192 ipsi
504 2122 635 2192 niterent,
659 2124 682 2179 si
707 2128 831 2181 conversi
855 2127 924 2181 lacta

130 2214 239 2282 propria
253 2212 424 2282 deplorarent
437 2215 444 2268 t

167 2302 243 2359 vers.
259 2304 302 2360 ts.
317 2304 450 2375 Castipans
465 2308 600 2378 castigavit
611 2325 649 2365 nte
663 2307 798 2377 dominat,
812 2319 836 2364 et
850 2312 928 2367 marti

128 2410 181 2450 nan
198 2396 303 2450 tradidit
318 2413 366 2451 me.
382 2397 419 2451 Ne
434 2397 484 2452 sibi
501 2399 601 2467 aliquid
616 2410 816 2467 persecutorum
831 2416 928 2471 strper-

129 2485 173 2540 bia
186 2485 343 2551 vindicaret,
365 2496 495 2543 tormenta
518 2488 634 2558 ipsorum
655 2491 839 2559 seritiamqtte
860 2491 929 2546 lern-

129 2576 266 2632 eiseimam
293 2579 493 2648 castigationem
517 2581 620 2635 Domini
643 2598 702 2639 esse
723 2585 874 2654 cottllrmat,
900 2594 929 2637 ut

130 2677 186 2724 tata
202 2669 244 2722 illa
260 2671 348 2738 iniqua
364 2675 481 2735 protentis
495 2673 527 2725 ad
542 2675 735 2730 correctionem
757 2675 873 2730 ltdelittm
888 2675 930 2729 ri·

128 2758 223 2815 deatur
241 2774 302 2817 esse
317 2776 454 2817 concessa.
471 2763 540 2830 Quid
562 2766 639 2821 sede
664 2776 794 2834 paestano
813 2766 930 2832 iactant,

129 2852 227 2919 quibus
241 2853 306 2906 nibil
323 2870 371 2922 pro
385 2869 432 2909 stta
453 2856 568 2912 utilitate
582 2858 759 2912 conceditur?
773 2860 926 2914 Crudelitas

128 2943 237 2998 illarum
255 2959 345 3000 nostra
360 2951 491 3003 correctio
511 2959 561 3016 est,
586 2950 684 3006 luroris
705 2952 810 3006 llamma
833 2954 930 3022 proba-

973 1011 1076 1066 minum
1100 1011 1277 1078 salvatorem,
1294 1027 1342 1082 per
1357 1027 1436 1083 quent
1449 1007 1512 1081 iusti
1528 1022 1630 1068 tantum
1647 1014 1776 1071 homines

974 1101 1132 1157 introibant.
1149 1102 1227 1169 Quod
1246 1103 1314 1157 bene
1333 1113 1476 1172 utrumque
1493 1103 1653 1173 complexus
1670 1113 1726 1170 est,
1744 1117 1774 1161 nt

975 1205 1003 1254 ct
1024 1198 1105 1267 istud,
1128 1206 1155 1255 et
1173 1199 1237 1254 illud
1254 1198 1371 1254 laturum
1395 1199 1521 1255 sarculum
1533 1200 1687 1271 significare
1702 1203 1778 1259 ride-

972 1298 1059 1343 retur.

1009 1381 1087 1437 Vers,
1098 1381 1143 1435 il.
1156 1379 1298 1449 confiteber
1310 1380 1365 1444 tibi,
1380 1379 1498 1447 llamine,
1510 1382 1629 1452 quomam
1642 1383 1779 1438 exaudisti

974 1490 1023 1540 ma,
1040 1483 1062 1528 et
1075 1478 1159 1544 factus
1175 1491 1200 1528 es
1213 1473 1275 1527 milti
1288 1475 1314 1527 in
1329 1475 1450 1529 salutent.
1470 1473 1549 1529 lstam
1571 1474 1774 1531 conlassioncnr

976 1581 1028 1620 nnn
1043 1565 1133 1620 utiliori
1150 1565 1241 1636 populi
1261 1565 1391 1621 debemus
1413 1565 1565 1633 advertere,
1581 1567 1628 1620 sed
1645 1567 1780 1622 tarantis.

975 1657 1081 1714 Gratias
1096 1658 1166 1712 enim
1180 1660 1249 1726 agit,
1266 1659 1326 1727 quia
1343 1656 1379 1712 illi
1397 1657 1524 1713 [lominus
1538 1658 1664 1713 salutaris
1679 1659 1781 1726 illuxit,

975 1755 1003 1802 ct
1012 1746 1174 1817 Redemptor
1185 1747 1303 1816 gentium
1316 1739 1400 1802 oculis
1413 1748 1535 1802 ltumanis
1545 1750 1682 1818 apparuit.
1697 1746 1781 1806 Unde

977 1855 1070 1899 revera
1088 1839 1261 1909 intelligimus
1275 1848 1330 1894 cta
1352 1839 1485 1908 prioribus
1495 1839 1653 1912 justissimis
1669 1842 1783 1898 [tatuini

977 1932 1120 1990 adrentum
1132 1931 1215 1986 luisse
1223 1930 1325 2001 jugiter
1336 1933 1492 1999 expetitam,
1503 1933 1571 1986 sient
1583 1933 1640 2001 ipse
1652 1933 1681 1987 in
1693 1934 1786 1988 Eran-

978 2021 1048 2097 gello
1066 2022 1150 2077 dicits
1177 2020 1255 2074 tttttn
1270 2021 1401 2089 prophete
1420 2032 1443 2075 et
1457 2023 1521 2092 justi
1535 2024 1671 2094 cupierunt
1694 2024 1786 2079 ridere

978 2131 1036 2188 pute
1048 2131 1091 2169 aaa
1107 2112 1206 2177 ridetis,
1226 2124 1249 2167 et
1270 2112 1361 2166 audire
1383 2128 1440 2182 qna
1460 2113 1556 2167 auditis
1573 2114 1582 2182 (
1597 2112 1696 2169 llattlt.
1714 2130 1785 2181 snt,

978 2205 1044 2277 li),
1060 2216 1113 2261 etc.
1160 2261 1162 2264 ,

1016 2296 1091 2351 Vers.
1108 2296 1152 2350 at.
1171 2295 1295 2362 Lapidem
1309 2310 1383 2361 quent
1398 2294 1595 2366 reprobaberunt
1608 2296 1785 2365 edificantes,

980 2389 1021 2443 tte
1037 2397 1120 2458 {aetas
1136 2399 1172 2440 est
1187 2390 1213 2440 in
1229 2399 1304 2454 eaput
1320 2387 1418 2457 anguli.
1433 2387 1488 2441 Sub
1500 2388 1632 2443 allusione
1649 2386 1785 2445 fabrican-

981 2479 1045 2534 tium
1057 2465 1202 2548 exponitur
1217 2478 1302 2532 inanis
1322 2492 1402 2546 opera
1423 2477 1588 2535 ludreorum.
1604 2479 1663 2535 Soli
1679 2483 1782 2550 quippe

983 2574 1122 2628 bominum
1139 2571 1226 2625 adbuc
1242 2571 1267 2625 in
1282 2571 1382 2626 mondo
1395 2587 1476 2625 unum
1489 2572 1571 2627 neum
1583 2572 1706 2628 colentes
1721 2576 1782 2629 ιιι·

985 2666 1066 2721 dcare
1081 2664 1249 2733 videbamur,
1266 2665 1329 2719 dnm
1346 2674 1451 2720 ceterae
1465 2666 1586 2720 nationes
1602 2666 1739 2723 idolorum
1754 2684 1782 2724 se

984 2761 1086 2815 cultura
1102 2760 1282 2813 nestro—rem.
1298 2757 1470 2825 AEdtpcentee
1489 2759 1563 2812 enim
1582 2759 1699 2815 tendunt
1714 2774 1780 2815 seta-

985 2867 1031 2921 per
1046 2851 1078 2904 ad
1092 2851 1229 2920 angulum,
1243 2857 1271 2902 ιιι
1286 2850 1491 2905 contritissorum
1513 2851 1645 2918 parietum
1660 2850 1781 2904 soliditas

984 2943 1135 3012 impleatur.
1159 2941 1245 2995 ludat
1270 2957 1334 2995 vero
1358 2941 1419 2995 stdei
1443 2955 1498 2995 sure
1520 2939 1651 2997 labrieam
1672 2944 1780 2998 minime

129 3033 178 3089 tio.
200 3033 258 3088 Nttn
287 3052 317 3090 sc
341 3038 464 3093 meliores
491 3041 626 3093 aestiment
650 3040 720 3110 qnod
748 3043 906 3112 delittqnunt
923 3063 929 3098 :
944 3051 969 3116 c
985 3037 1165 3105 perlecerttttt,
1182 3033 1309 3102 guttulam
1326 3035 1424 3102 ipstttn,
1440 3033 1486 3102 qni
1508 3044 1566 3089 erat
1581 3035 1649 3100 lapis
1666 3034 1778 3090 tornes*-

129 3125 186 3181 stlio
198 3141 251 3180 non
270 3129 396 3193 parcitur,
413 3141 440 3184 ut
453 3131 552 3185 erudiri
568 3147 647 3201 posse
664 3132 793 3188 rideatur.
806 3134 858 3189 Sed
871 3134 929 3190 haee
980 3144 1057 3192 tntis·
1077 3125 1232 3196 indubiis,
1253 3141 1327 3180 ”¹⁰¹⁰
1351 3126 1515 3180 dementium
1536 3130 1703 3196 ll¹¹²³V0l¹¹¹¹²
1722 3142 1779 3183 ²⁸⁵⁰

129 3221 198 3277 bene
214 3224 469 3293 castigatosedielt;
485 3228 558 3281 solus
570 3229 640 3283 ettim
652 3230 727 3282 morai
742 3245 792 3283 non
804 3230 928 3297 traditur,
979 3219 1163 3276 temnendum.
1184 3219 1312 3271 bantinus
1330 3228 1419 3271 autem
1441 3215 1564 3273 Christus
1587 3233 1637 3288 per
1658 3220 1777 3289 tropolo-

129 3312 207 3380 ertJ'us
233 3313 359 3369 inieritis
382 3304 523 3373 rniitm'issa
545 3329 699 3390 purgantur.
719 3322 751 3375 Ει
775 3332 836 3378 ῃοιι
859 3324 928 3389 qnod
976 3316 1045 3386 giam
1062 3314 1142 3384 (sicut
1155 3313 1302 3368 innumeris
1316 3313 1382 3368 loeis
1401 3323 1506 3372 constat
1526 3313 1692 3384 expositum)
1714 3314 1775 3370 idea

130 3405 178 3470 ait,
192 3405 320 3474 obstipatus
336 3409 477 3478 castigavit.
497 3410 550 3464 lloc
565 3413 635 3463 euim
648 3427 731 3481 genus
743 3412 884 3474 locutionis
901 3416 927 3469 itt
979 3407 1046 3476 latit
1060 3407 1157 3461 disslltlf
1171 3406 1317 3475 attitulari&
1334 3407 1394 3474 qttia
1411 3406 1478 3461 dt¹⁰S
1494 3406 1525 3461 td
1539 3422 1569 3461 ὅθ
1583 3407 1724 3477 lt⁰ltll¹0⁵0
1738 3406 1776 3462 dt·
1814 3443 1831 3456 -

130 3494 276 3563 Scriptnris
290 3497 389 3552 divinis
400 3500 499 3569 saepius
513 3501 648 3556 invenitur
664 3519 670 3554 :
689 3512 717 3556 ut
731 3513 772 3556 cst
787 3504 861 3569 illud,
878 3504 929 3558 lle·
979 3512 1060 3553 terso
1076 3497 1214 3551 tettlrntes
1228 3497 1368 3564 gentilium
1383 3506 1463 3566 atque
1483 3497 1638 3552 ludaeorum
1655 3507 1776 3569 unquam
1788 3522 1831 3561 ι

129 3586 249 3638 redirent
269 3585 414 3641 bettedlcntn
434 3599 467 3643 te.
490 3590 670 3657 dlultiplienna
690 3592 865 3661 rttaltr'pliealro
884 3610 925 3648 se·

130 3689 188 3728 ntert
199 3685 281 3742 tamn,
294 3686 321 3730 et
333 3678 373 3732 bis
392 3681 497 3734 similia.
512 3681 587 3748 Quod
599 3693 784 3751 argumentum
799 3683 838 3755 (ut
853 3697 926 3754 sepe

132 3764 260 3828 diximus)
276 3768 375 3822 dicitur
388 3784 402 3823 a
417 3771 576 3840 conjugatis.

167 3856 244 3911 Vera.
264 3859 306 3914 19.
322 3859 426 3929 Aperite
445 3862 506 3915 anibi
523 3874 610 3932 portat
620 3867 741 3938 justitia,
759 3875 782 3919 et
797 3868 927 3939 inpressas

130 3947 157 4001 itt
169 3965 213 4002 eas
225 3950 362 4019 confitebor
384 3951 504 4007 [lantino.
522 3954 639 4024 Populus
660 3956 704 4011 ille
720 3957 836 4012 ltdclium
853 3957 926 4029 led,

132 4039 230 4112 stdelisl
242 4043 314 4098 tettit
325 4043 357 4097 ad
366 4046 472 4099 tertiam
484 4049 646 4102 sectionem:
658 4048 806 4103 Jerusalem
815 4050 927 4118 cupiens

131 4131 252 4215 introire,
267 4136 362 4201 ianuas
378 4137 436 4208 ejus
459 4139 563 4196 lerrore
583 4140 717 4209 spirituali
739 4141 788 4196 sibi
811 4143 928 4211 postulat

130 4227 239 4294 aperiri.
257 4229 357 4296 Quibus
371 4247 435 4301 crgo
455 4233 569 4297 dicitnr,
585 4235 696 4302 Aperite,
718 4236 767 4289 nisi
789 4235 926 4304 prophetis

131 4326 213 4385 atque
227 4322 367 4388 apostolis,
384 4324 428 4392 qni
444 4325 574 4379 coelorum
590 4327 681 4381 clares
698 4326 818 4397 mysticis
840 4327 925 4382 virtu-

132 4407 202 4462 tibus
215 4414 398 4478 acceperunt?
416 4414 467 4469 Per
480 4416 528 4470 bas
546 4417 618 4472 enim
634 4417 762 4472 doctrine
774 4417 870 4487 januas
884 4418 924 4473 itt·
941 4461 969 4522 D

132 4499 346 4564 traductiones
363 4503 418 4573 jatn
440 4507 517 4575 positi
537 4509 669 4563 veraciter
690 4506 802 4563 Dotnino
821 4512 928 4578 conpte-

131 4607 198 4645 mar.
213 4591 344 4650 Ceterum
358 4599 485 4668 quidquid
499 4609 574 4656 extra
594 4602 742 4656 Ecclesiam
762 4604 924 4658 catltolicatn

131 4687 243 4754 geritur,
252 4704 417 4761 nequaquam
431 4692 534 4747 llomini
548 4694 838 4764 laudibnsappliratur.
852 4696 926 4751 Bettc

131 4785 221 4832 autem
237 4794 284 4849 per
297 4781 453 4853 allegoriam
468 4787 604 4856 propbetas
623 4796 704 4856 atquc
716 4787 830 4858 apostoli
846 4797 927 4857 parte

131 4869 256 4935 appellati
271 4881 349 4927 sunt:
366 4885 447 4943 partae
462 4876 534 4931 enim
555 4876 719 4943 dictasunt,
739 4893 787 4948 per
801 4893 867 4950 quas
886 4879 926 4933 ri·

134 4959 231 5014 ctnalia
246 4961 399 5019 civitatibus
413 4967 603 5036 importantur,
619 4969 688 5023 sicut
703 4980 729 5024 et
741 4984 789 5040 per
800 4970 860 5025 illos
873 4970 925 5024 arti·

132 5065 236 5108 marum
257 5056 353 5123 pabula
369 5067 475 5113 canstat
489 5060 573 5115 illata.

169 5145 247 5202 Vers.
265 5149 311 5206 td.
331 5150 396 5207 linc
415 5163 490 5225 porta
510 5154 630 5222 llomini,
646 5159 712 5228 justi
731 5158 862 5212 intrabant
880 5174 925 5231 per

132 5253 200 5293 eam.
217 5239 282 5295 Cum
300 5245 424 5310 superius
443 5247 540 5302 dixerit
564 5257 668 5316 portas,
689 5248 863 5319 querendum
883 5255 925 5303 est

131 5343 216 5398 quare
232 5331 274 5385 bic
296 5344 396 5401 portam
421 5338 504 5393 roluit
523 5353 622 5407 ponere
646 5355 758 5395 trumero
776 5339 922 5409 singulari;

131 5421 234 5477 scilicet
247 5433 275 5477 ιιι
288 5426 440 5498 designaret
455 5430 598 5499 propbetas
608 5443 688 5502 atque
698 5433 779 5506 396
789 5433 924 5504 apostolos

131 5512 226 5581 januas
237 5520 343 5588 qttidettt
355 5536 415 5579 esse
424 5523 565 5590 caelorum,
577 5526 624 5581 sed
637 5526 685 5580 bas
695 5540 788 5582 nntnes
798 5526 831 5581 ad
844 5537 923 5580 unam

134 5619 213 5676 posse
229 5612 392 5678 perducere:
409 5616 470 5685 qaia
486 5617 619 5673 universae
636 5626 800 5682 consuerunt
815 5616 849 5671 ad
867 5615 923 5672 lio·

134 5698 235 5757 mittam
250 5703 428 5768 intromittere
446 5710 624 5780 Salvatorem,
645 5715 690 5783 qui
705 5724 731 5769 et
746 5721 819 5783 porta
834 5721 922 5780 potest

981 3587 1103 3657 geminos
1120 3587 1237 3656 parietes
1259 3588 1285 3640 in
1306 3601 1385 3641 uttam
1405 3587 1549 3641 soliditatis
1566 3589 1681 3656 gratiam
1701 3589 1831 3644 colli·-

981 3677 1125 3749 gavit[ert.,
1137 3675 1298 3749 collocatitl.
1312 3676 1411 3733 Deltae
1424 3679 1510 3747 lapide
1519 3680 1670 3749 propbetas,
1686 3681 1721 3736 de
1731 3681 1831 3741 ban

981 3769 1106 3838 apostoli,
1130 3768 1163 3823 dc
1186 3768 1237 3823 boc
1261 3768 1361 3823 diversi
1388 3769 1470 3823 malta
1494 3770 1632 3825 dixerunt.
1658 3771 1831 3843 Augaia-*4

981 3859 1053 3914 enim
1069 3866 1168 3913 tractus
1182 3867 1223 3913 est
1241 3873 1273 3915 ert
1293 3858 1387 3913 Graeco
1406 3872 1541 3924 sermone,
1560 3860 1585 3914 id
1604 3870 1663 3929 est,
1678 3876 1695 3915 ι
1710 3862 1764 3934 pira
1777 3885 1831 3920 ι

982 3951 1053 4023 quod
1078 3952 1171 4006 Latine
1195 3951 1293 4006 dicitur
1317 3966 1399 4022 genu.
1426 3951 1484 4007 iloc
1508 3952 1636 4008 iniierunt
1661 3956 1831 4023 specie-

982 4043 1070 4113 anguli
1087 4027 1360 4112 contortni'qualitate
1379 4042 1514 4108 restituit;
1532 4058 1593 4098 nam
1614 4045 1686 4114 apud
1706 4045 1831 4103 ΟΕ

982 4149 1027 4190 cos
1041 4135 1171 4204 originem
1194 4135 1234 4186 sni
1257 4133 1372 4188 nominis
1393 4134 1419 4187 in
1439 4133 1652 4190 derivationibus
1668 4135 1758 4189 omnin
1829 4160 1831 4164 ·

981 4222 1108 4289 custodit,
1124 4234 1152 4276 ut
1166 4232 1331 4293 tetragonus,
1344 4233 1522 4294 pentagonus,
1538 4232 1566 4278 ct
1579 4222 1623 4279 bis
1637 4222 1744 4279 similia.

1017 4335 1093 4391 Vers.
1107 4335 1151 4391 ts·
1165 4336 1187 4388 Α
1203 4334 1315 4390 Domino
1334 4336 1417 4405 [actas
1435 4345 1472 4389 ert
1490 4336 1541 4404 bic,
1558 4343 1583 4389 et
1603 4349 1639 4390 est
1657 4328 1831 4390 mirabili

980 4428 1059 4500 [mss.
1076 4429 1121 4493 d.,
1137 4429 1178 4496 tt,
1198 4429 1239 4490 tt„
1254 4429 1351 4497 {actum
1369 4438 1407 4482 eat
1422 4427 1472 4482 bae
1491 4425 1627 4500 mirabile]
1646 4429 1677 4483 in
1696 4419 1831 4482 ocati

981 4520 1083 4575 nostris.
1099 4518 1138 4573 Ne
1154 4519 1268 4589 lapidem
1290 4519 1371 4575 istum
1390 4521 1479 4575 sarcis
1504 4520 1642 4595 montibus
1667 4526 1831 4590 putat&

980 4611 1109 4676 excisum,
1124 4611 1150 4665 ιιι
1172 4612 1285 4666 salutern
1309 4610 1400 4667 mundi
1410 4652 1414 4656 Α
1424 4612 1522 4682 {artam
1543 4611 1611 4667 dicit
1624 4628 1640 4666 a
1655 4611 1831 4676 nosrta

979 4702 1032 4757 Sed
1044 4702 1107 4756 dunt
1122 4712 1251 4758 nicotorat
1266 4704 1372 4773 sactum,
1388 4712 1482 4757 natura
1497 4703 1673 4758 humanitatis
1687 4703 1831 4760 astera

980 4790 1066 4858 ditur,
1089 4807 1149 4862 quar
1168 4802 1196 4846 et
1215 4800 1305 4848 creata
1325 4807 1386 4849 esse
1405 4801 1581 4848 monstratur.
1604 4792 1651 4849 Sic
1665 4802 1694 4850 et
1706 4791 1831 4861 ιρις

979 4885 1065 4940 stolus
1074 4885 1128 4939 ait:
1141 4883 1174 4938 ln
1187 4886 1382 4940 einrilitadirtent
1396 4885 1528 4941 dominam
1539 4886 1635 4956 factat,
1648 4896 1676 4942 ct
1689 4878 1831 4940 aare!

979 4975 1095 5030 intentus
1107 4984 1133 5031 at
1145 4977 1220 5030 bama
1236 4975 1353 5048 (Plriltp.
1369 4991 1399 5043 tt,
1412 4975 1451 5046 7).
1472 4976 1506 5031 Et
1523 4976 1600 5041 alibi,
1619 4975 1673 5044 Qut
1693 4975 1831 5049 saara

975 5079 1010 5122 est
1024 5069 1048 5122 ei
1061 5085 1092 5123 en
1106 5069 1201 5123 semine
1220 5067 1305 5122 Dauid
1321 5070 1460 5124 secundant
1475 5084 1579 5124 carnem
1595 5069 1686 5139 (uon.
1701 5085 1721 5137 t,
1736 5056 1831 5140 ³1⁴

975 5155 1028 5213 lste
1048 5158 1146 5227 quippe
1164 5159 1231 5228 lapis
1245 5159 1292 5224 nni
1312 5169 1353 5215 est
1381 5158 1489 5214 labrire
1506 5159 1606 5216 decora
1626 5161 1831 5233 copularier

976 5249 1058 5305 ltbnla
1073 5249 1215 5318 parietum,
1231 5251 1258 5305 in
1269 5250 1454 5307 lundatttentis
1475 5261 1606 5322 perpetua
1628 5250 1831 5310 tenuandas!

976 5340 1100 5396 mirabilis
1115 5348 1156 5396 est
1178 5343 1204 5396 in
1223 5342 1309 5398 oculis
1322 5341 1452 5409 lidelinm,
1467 5344 1513 5413 qui
1529 5359 1584 5399 aaa
1599 5346 1689 5401 salum
1712 5340 1831 5402 eun!

978 5432 1152 5500 corporaliter
1165 5428 1267 5501 rident,
1288 5448 1381 5489 rerum
1404 5435 1485 5490 etiam
1509 5435 1662 5492 illuminata
1684 5426 1831 5493 mente,

977 5525 1155 5596 conspiciunt.
1169 5526 1299 5582 llidcrunt
1312 5528 1384 5582 enim
1403 5534 1431 5582 et
1443 5525 1540 5595 iudai,
1554 5529 1605 5585 scd
1624 5542 1682 5586 nan
1695 5523 1831 5584 nnat

978 5616 1063 5686 litent,
1081 5619 1144 5687 quia
1158 5618 1246 5673 solnm
1260 5619 1432 5675 intuebantur
1447 5632 1569 5689 earnem,
1591 5635 1675 5691 quam
1697 5619 1774 5676 rider
1784 5609 1831 5661 ⁴

976 5708 1040 5766 bant
1059 5724 1119 5765 csse
1136 5725 1314 5766 cotumunem.
1332 5709 1463 5767 Fidelium
1476 5718 1566 5766 autem
1577 5701 1831 5782 sensibusne!
