3794 6128
133 311 184 371 579

689 286 693 296 “
736 308 770 363 ιι.
791 306 929 364 tintcum
950 304 1149 362 cessionum

1704 304 1761 364 580

132 428 242 497 perimit
255 424 441 482 subhumatus
455 440 462 477 ι
478 425 527 478 istc
542 436 606 476 reru
617 420 739 475 Antiochi
752 421 821 489 regis
835 420 916 475 dellet
929 428 954 486 Α
967 418 1028 474 ldeo
1041 417 1111 473 enirn
1127 416 1296 487 subjunctum
1306 429 1347 474 est
1361 417 1452 487 leuel,
1467 419 1527 489 quia
1543 421 1613 490 ipsos
1627 422 1759 493 propitius

132 520 286 588 sacrilegam
312 525 339 572 et
363 515 573 570 crudelissimam
599 514 760 568 vastitatem.
788 512 916 567 Conside-

133 612 243 665 randum
258 622 363 678 quoque
376 617 404 662 et
417 606 469 661 alta
488 614 576 661 mente
596 603 762 660 condendum
784 612 825 656 cst
845 600 915 670 quod

132 698 269 756 charitatis
288 696 376 752 studio
397 712 598 752 commonemur
619 693 745 750 scelesta
770 692 815 748 Dei
839 692 917 746 bortis

133 791 226 856 lactari,
238 799 265 844 ct
275 791 369 843 iterum
379 787 573 842 calamitatibus
580 786 637 855 ejus
645 781 915 867 vehementeralllpi.

132 881 239 951 Legitur
251 879 321 935 euim
338 877 463 934 :Felices
486 879 530 949 qui
551 877 667 946 gaudent
685 876 712 930 in
737 889 800 943 pace
815 883 874 940 tna,
890 881 918 928 et

133 971 222 1026 leliees
236 983 329 1024 omnes
343 970 387 1039 qui
406 969 633 1023 corttristahuntur
651 967 676 1020 iu
691 966 813 1020 aturribus
826 963 917 1032 hagel·

133 1059 166 1112 lis
181 1058 247 1112 taisi
258 1057 425 1126 Quapropter
436 1054 559 1110 conuenit
571 1067 599 1108 ιιι
610 1055 680 1124 qrrod
695 1054 837 1123 unicuique
853 1053 918 1110 lide·

134 1148 197 1203 lium
206 1149 366 1217 provenerit,
376 1145 406 1200 ad
415 1154 521 1199 nostros
529 1145 635 1198 dolores
646 1143 918 1214 prouiutitntisstudio

134 1239 335 1306 transferamus,
359 1239 427 1292 sicat
444 1237 586 1307 Apostolus
598 1237 662 1292 dicit
678 1253 685 1289 ε
702 1236 807 1307 Siquid
821 1237 918 1306 paritur

134 1347 212 1383 anum
233 1328 385 1394 membrum,
409 1329 595 1399 eorrtputimrter
613 1328 698 1381 omnio
717 1329 844 1394 nterrtbru,·
868 1330 920 1384 rice

134 1421 290 1488 plurificatur
306 1435 383 1472 uuum
399 1420 551 1482 ruenthrmu,
566 1419 725 1490 eoupoodent
741 1422 826 1475 aarum
839 1438 919 1474 mern·

134 1510 180 1563 bro
194 1507 222 1581 (1
238 1510 296 1564 Cor.
311 1525 358 1575 ιιιι,
370 1509 427 1576 stt).
442 1509 508 1564 llinc
523 1513 592 1563 enim
607 1511 722 1565 charitas
735 1510 779 1565 illa
793 1511 918 1581 praecelsa

135 1600 311 1670 conquiritur,
323 1600 383 1653 ltine
393 1599 531 1668 praedicata
541 1600 626 1653 atritas
636 1600 777 1654 inrenitnr.
788 1601 819 1654 Et
827 1602 849 1655 si
857 1615 920 1655 cau·

135 1706 191 1746 sam
204 1691 264 1747 botri
276 1691 437 1751 istiusaltius
446 1691 629 1760 perscruteris,
642 1690 702 1746 hinc
712 1699 739 1746 et
750 1693 792 1746 illa
803 1694 920 1749 eoelestis

967 511 1035 580 regit
1048 509 1161 579 quicum
1173 525 1239 578 puro
1249 511 1329 566 crde
1337 512 1489 577 respiciunt.
1500 509 1583 566 lsrael
1592 513 1663 568 cuim
1676 515 1760 569 inter·

967 598 1760 671 pretatur(sicotsaepedictumestlrirmentemdensDeum.

968 689 1094 758 turcum,-
1109 708 1139 745 ae
1152 692 1174 745 si
1186 692 1288 747 diceret
1303 711 1309 745 ι
1323 694 1407 762 Supra
1424 708 1473 748 nos
1486 696 1574 749 luttten
1586 704 1636 749 toa
1649 697 1761 765 pietatis

968 782 1094 848 ildunde,
1110 791 1139 837 ut
1160 787 1203 854 qui
1221 798 1267 852 per
1283 799 1331 838 tros
1351 800 1442 839 suiuus
1460 788 1614 854 tenebrosi,
1631 798 1761 857 aspectas

969 875 1006 928 tui
1021 873 1163 928 reddamur
1175 874 1296 928 claritate
1312 875 1459 943 conspicui.
1475 877 1609 947 Sequitur,
1620 881 1664 947 qui
1678 880 1761 933 dedo·

969 964 1005 1016 ria
1018 964 1085 1017 uelut
1099 979 1155 1018 oues
1169 961 1277 1031 ioseph.
1290 962 1386 1033 ioseph
1407 966 1511 1021 lidelern
1529 969 1653 1036 populum
1673 969 1760 1025 debe·

969 1056 1194 1119 mnsadsertere,
1211 1056 1256 1126 qui
1275 1059 1315 1112 sic
1328 1058 1355 1110 in
1376 1058 1466 1113 caulas
1482 1060 1585 1114 Domini
1605 1060 1759 1131 deducitur,

969 1144 1046 1213 quasi
1060 1159 1124 1200 ores
1139 1145 1171 1199 ad
1196 1161 1292 1214 pascua
1315 1159 1519 1219 congregantur.
1538 1149 1603 1204 Nam
1624 1161 1651 1206 et
1673 1151 1762 1222 ipsum

970 1250 1068 1291 uoruett
1086 1235 1183 1307 ioseph
1193 1238 1324 1306 significat
1337 1240 1393 1294 siue
1406 1243 1562 1310 opprobrio,
1579 1246 1649 1313 qrtod
1661 1245 1762 1325 dertrtp

974 1326 1071 1395 populo
1081 1338 1185 1381 eertum
1201 1336 1243 1382 est
1263 1331 1416 1387 contenire.
1430 1329 1464 1384 Et
1481 1346 1542 1386 nota
1557 1335 1663 1407 propria
1678 1340 1761 1392 rerba

969 1415 1080 1484 singuiis
1104 1417 1164 1470 data
1187 1417 1267 1472 luisse
1283 1420 1412 1486 personis.
1429 1421 1534 1493 ilepitur
1551 1426 1594 1492 qui
1609 1415 1760 1494 lsraetesm

970 1504 1107 1559 deducitur
1131 1507 1174 1574 pai
1196 1506 1294 1574 ioseph
1316 1518 1366 1564 est.
1389 1510 1514 1580 Addidit,
1539 1515 1665 1580 quiaedes
1684 1533 1762 1586 suuper

970 1594 1111 1662 cherubim,
1125 1612 1230 1666 appare.
1243 1596 1386 1665 Cherubim,
1396 1601 1533 1668 plenitudo
1546 1605 1667 1660 scientim
1679 1608 1763 1665 iuter·

971 1693 1101 1753 pretatur,
1116 1685 1143 1739 in
1158 1702 1209 1755 qua
1230 1684 1364 1743 Christum
1383 1690 1519 1747 Dominum
1546 1695 1664 1752 insidere
1675 1701 1763 1757 mani·

135 1778 241 1836 ,necno
255 1780 379 1851 signnm,
395 1794 454 1850 qm,
469 1780 572 1835 Domini
593 1779 738 1837 Ecclesiam
758 1782 920 1853 imprecare
934 1789 958 1849 B
971 1774 1066 1827 festum
1080 1783 1131 1829 est.
1147 1774 1199 1830 Sed
1214 1776 1337 1844 quoniam
1353 1777 1439 1833 adhue
1461 1779 1487 1834 in
1509 1792 1613 1839 secreto
1629 1801 1687 1840 suae
1702 1803 1761 1844 ma·

136 1879 310 1927 monstratur.

262 1977 441 2037 eleusino
454 1981 487 2038 ut
501 1981 659 2040 Psslutlltl
677 1983 794 2039 lxxix.

138 2087 170 2142 la
194 2091 284 2157 finem,
311 2107 357 2161 pro
380 2092 419 2145 his
441 2093 486 2159 qui
505 2093 725 2164 immutabuntur,
749 2097 917 2155 testimonium

406 2160 503 2232 Aruph,
517 2166 640 2233 psalmus.

170 2261 260 2319 Doctis
278 2266 342 2320 viris
355 2277 382 2322 et
396 2268 422 2323 in
436 2272 567 2328 auditorio
580 2274 676 2330 Christi
691 2281 844 2336 salutariter
857 2296 918 2336 cru·

136 2352 197 2408 ditis
211 2357 233 2411 si
248 2359 306 2426 quis
320 2361 415 2414 usitata
438 2371 558 2433 repetere
579 2377 704 2438 conetur,
717 2371 836 2427 offendit.
852 2373 918 2430 Nam

134 2460 194 2500 com
209 2450 297 2502 omnia
310 2451 378 2506 tituli
391 2451 467 2507 istius
482 2455 624 2526 reihslam
638 2469 698 2514 uota
711 2463 775 2532 sint,
793 2474 876 2519 restat
890 2473 919 2520 ut

135 2534 185 2591 hnc
197 2538 265 2606 quod
286 2540 389 2596 liariter
400 2543 465 2597 dixit
480 2547 647 2601 testimouium
662 2547 748 2622 despit
765 2555 918 2624 perquirere

134 2625 917 2717 debeamuslstorlsuphamotrepidus,antesollicims,nui

135 2717 339 2790 proSynagogae
361 2726 475 2792 peccatis
501 2729 573 2782 risos
592 2738 633 2784 est
654 2734 764 2800 psalmis
783 2738 919 2806 prioribus

134 2823 254 2873 exorare,
266 2822 338 2866 tanta
351 2830 420 2870 ntruc
433 2822 643 2889 presumptione
654 2824 811 2896 completur,
827 2840 854 2883 ut
862 2829 918 2899 jana

134 2906 301 2959 commutatis
314 2906 340 2960 in
351 2908 444 2964 melius
461 2912 640 2969 testimonium
656 2920 840 2977 conversionis
852 2937 919 2992 prae·

133 2991 198 3046 bere
217 2992 348 3068 uideatur.
360 2996 429 3054 Dicit
442 3002 512 3056 enim
527 3003 560 3058 de
573 3007 660 3075 primo
677 3008 794 3067 aduentu
811 3012 919 3072 Domini

132 3081 293 3152 Salraturis,
308 3088 353 3156 qui
366 3088 499 3146 hominem
513 3092 702 3153 deterioratum
724 3100 782 3170 lege
801 3105 913 3172 peccati,

133 3173 165 3227 ad
177 3187 276 3230 sanctus
288 3181 496 3239 conversationis
509 3184 578 3240 dona
592 3189 729 3257 perduxit,
746 3195 916 3251 translatam·

132 3278 184 3330 oue
194 3265 297 3321 rineam
305 3267 338 3323 de
349 3269 465 3342 AEgypto
480 3278 605 3344 potentiae
616 3292 672 3333 suae
683 3282 772 3337 radice
783 3284 916 3341 solidarit.

135 3352 191 3408 lloo
205 3365 245 3408 est
259 3361 328 3425 qrnnl
343 3358 580 3419 dicittertimouium
588 3383 634 3436 pro
644 3366 684 3423 hir
695 3371 736 3439 aui
746 3371 918 3430 imurutobuu·

132 3448 184 3496 ter.
198 3441 324 3501 Caritatur
337 3463 401 3519 ergo
416 3452 529 3522 hymnus
541 3457 590 3512 iste
604 3458 637 3513 tle
647 3460 762 3516 adventu
777 3464 825 3517 riri
841 3466 916 3535 agri·

130 3530 250 3597 cultoris,
264 3543 292 3589 et
311 3534 386 3592 vinea
402 3537 521 3607 Domini,
534 3554 563 3597 ut
573 3544 629 3615 jam
647 3563 700 3604 nou
721 3550 853 3622 obscuris,
869 3557 917 3612 sed

132 3623 278 3681 manifestis
303 3629 429 3696 precibus
452 3631 510 3703 ejus
531 3638 677 3706 postuletur
700 3642 838 3701 adrentus.
867 3648 916 3717 Qui

132 3714 248 3784 psalmos
262 3719 379 3786 ejusdem
394 3723 433 3776 rei
449 3728 580 3782 meotidas
594 3742 654 3784 esse
667 3730 843 3802 dignoscitor.

419 3831 515 3889 Diuisio
525 3837 626 3906 psalmi.

167 3933 251 4007 Amph
263 3936 313 3994 iste
325 3954 402 4009 quern
417 3943 508 4000 titulus
519 3948 657 4016 praecinuit
668 3962 871 4023 commutatum,
887 3960 914 4014 in

130 4025 214 4093 pritua
222 4028 340 4085 sectione
351 4031 454 4088 Domini
462 4033 619 4105 depreeatur
627 4041 660 4096 ad
666 4055 782 4102 rentum.
791 4048 913 4106 Secunda

129 4123 241 4171 testatur
252 4121 475 4189 quemadmodum
487 4128 574 4196 vinea,
589 4145 649 4200 qun
662 4144 704 4189 est
717 4134 844 4203 Ecclesia,
858 4148 913 4195 toto

128 4203 194 4259 orbe
207 4206 241 4260 sit
251 4207 368 4264 dilatata.
381 4211 471 4268 lertio
486 4214 546 4270 loco
559 4219 747 4278 incarnationis
760 4226 818 4294 ejus
832 4228 914 4284 hene-

128 4292 187 4348 dcio
198 4307 245 4363 per
257 4299 455 4356 similitudinem
469 4303 554 4360 uineae
571 4309 672 4367 visitari
686 4313 845 4379 deprecatur
864 4319 913 4375 lic·

128 4384 251 4443 clesiam.
263 4404 345 4459 seque
359 4391 473 4447 Domino
489 4400 603 4464 postulet
621 4403 770 4462 adherere.

397 4504 530 4576 dispositio
546 4514 646 4580 prolati.

164 4605 239 4661 Vere.
256 4611 282 4664 l.
300 4612 351 4677 Qui
363 4616 428 4685 repis
442 4615 538 4685 israel,
550 4622 666 4692 intende,
676 4628 720 4697 qai
729 4629 834 4686 deducis
845 4633 911 4688 rehu

128 4711 184 4750 oter
196 4696 257 4771 [nte.
269 4701 314 4768 A,
324 4704 405 4777 orem]
417 4705 525 4781 loseph:
545 4717 588 4782 qui
598 4719 668 4773 redes
678 4736 753 4791 super
771 4723 908 4792 cherubim,

127 4803 232 4858 appare.
246 4792 443 4854 l’ersecundam
454 4805 736 4872 specicmdehnitionis
746 4829 803 4883 qliae
817 4818 910 4874 Graece

126 4888 307 4941 ertuoematice
316 4891 395 4965 275
408 4893 520 4963 dicitnr,
537 4897 628 4955 Latine
642 4903 715 4958 notio
730 4921 907 4977 truncupatur,

126 4986 223 5042 magne
236 4973 368 5033 desiderio
378 4982 468 5037 venire
478 4985 599 5044 Christus
612 4990 737 5048 Dominus
749 4999 906 5066 postulatum

127 5069 156 5114 ut
171 5079 216 5131 per
226 5063 252 5119 id
264 5069 334 5134 quod
347 5067 419 5139 lucit,
433 5073 585 5139 planissime
598 5081 729 5136 indicatus
742 5101 802 5142 esse
819 5089 909 5144 ridea-

128 5160 179 5207 tur.
195 5151 260 5207 Nam
275 5156 453 5227 ista'speeies
472 5164 633 5224 delinitionis
652 5186 704 5224 nen
721 5190 767 5241 per
785 5182 909 5234 substan·

126 5243 207 5304 tiam,
225 5245 271 5298 sed
295 5261 343 5314 per
356 5261 431 5303 aetus
453 5268 515 5307 suos
535 5270 747 5330 unaruquamqoe
768 5281 906 5331 personam

126 5332 243 5388 indicare
256 5339 434 5404 cognoscitur.
451 5342 531 5398 llecle
554 5347 632 5414 igitur
646 5349 741 5405 dicitur
760 5356 825 5426 llcgi
847 5363 909 5415 coeli

125 5430 152 5475 et
166 5433 261 5478 terre:
277 5425 329 5490 Qui
350 5429 416 5500 repis
431 5428 617 5504 lsrael,cu1'us
640 5442 748 5496 arbitrio
774 5459 801 5500 et
821 5462 910 5506 creata

125 5523 185 5571 sunt
198 5523 225 5568 et
236 5516 454 5574 adnunistramnr
464 5523 595 5580 urtirersa.
619 5529 671 5583 Sed
684 5537 805 5599 quamvis
819 5542 907 5594 outrtia

125 5600 151 5651 iu
162 5599 220 5670 ejus
238 5615 368 5672 potestate
382 5611 434 5663 sint
453 5612 553 5680 posita,
571 5616 614 5668 illa
628 5625 715 5674 tuneo
729 5638 822 5693 regere
842 5627 909 5682 dici-

124 5697 177 5755 tur.
191 5707 248 5763 qttae
260 5710 290 5751 se
304 5705 417 5757 tractare
430 5703 533 5759 caelesti
547 5713 746 5769 conversatione
764 5731 902 5776 nituerunt.

967 1861 1072 1932 iestatis
1084 1873 1152 1932 erat,
1168 1875 1244 1936 rogat
1259 1878 1287 1921 ut
1301 1868 1431 1925 benclicio
1450 1882 1549 1927 sanetae
1567 1874 1762 1935 incarnationis

969 1965 1091 2026 apparent
1102 1972 1112 2019 ,·
1124 1965 1255 2026 qurttcuus
1266 1959 1357 2014 lldeles
1367 1975 1429 2017 suos
1442 1962 1591 2021 firmissima
1602 1967 1762 2027 credulitate

971 2048 1129 2105 consolidet.
1147 2050 1179 2104 Ει
1192 2050 1251 2107 ride
1263 2052 1324 2123 qraia
1338 2057 1406 2141 trina
1421 2058 1588 2114 invocatione
1601 2075 1697 2117 sersus
1710 2063 1761 2120 iste

968 2150 1109 2196 contextos
1122 2152 1178 2210 cst,
1194 2154 1224 2200 ut
1236 2147 1323 2202 omnia
1339 2151 1477 2218 cooperari
1491 2163 1612 2207 sanctam
1627 2155 1761 2224 signilloet

969 2233 1139 2290 Trirtitateut.

1002 2346 1079 2402 l'ers.
1095 2349 1122 2402 Ξ.
1136 2348 1226 2403 Coram
1247 2351 1369 2421 Ephrem,
1382 2363 1405 2408 et
1427 2353 1572 2423 Beniamin,
1587 2367 1611 2411 et
1627 2356 1756 2414 Donasse.

968 2438 1060 2492 Earitr
1068 2443 1203 2510 potentium
1218 2452 1286 2496 taam
1298 2454 1321 2498 cl
1332 2445 1399 2511 uerri,
1411 2457 1436 2498 ut
1447 2447 1529 2501 selom
1541 2448 1622 2517 {ocior
1636 2450 1756 2511 rusleta

969 2533 1077 2586 crumina
1097 2543 1203 2588 constat
1214 2550 1273 2589 csse
1295 2539 1380 2604 geritis
1396 2539 1547 2606 llehraicae,
1562 2553 1624 2597 ante
1646 2559 1714 2613 quos
1730 2556 1757 2600 ut

968 2634 1110 2692 appareat.
1126 2626 1256 2693 spirituali
1278 2628 1373 2684 uirtute
1394 2630 1568 2700 deprecatum
1590 2637 1642 2690 lruc
1655 2646 1713 2705 est,
1729 2647 1758 2694 ιιι

968 2713 978 2782 l
990 2712 1057 2767 sieut
1068 2716 1215 2783 promissus
1226 2717 1312 2771 iuerat
1323 2735 1369 2788 per
1379 2722 1522 2790 prophetas
1533 2723 1543 2794 J
1557 2740 1589 2779 er
1603 2726 1757 2787 ludaeorum

968 2813 1048 2873 gente
1063 2812 1198 2861 nascatur.
1215 2809 1266 2862 Sed
1281 2812 1404 2878 quiritium
1422 2829 1474 2867 tion
1491 2813 1622 2871 incassum
1638 2817 1696 2872 hasc
1710 2835 1765 2885 noa

969 2896 1041 2948 mina
1054 2910 1128 2950 more
1143 2896 1287 2967 Scripturas
1302 2900 1397 2957 diuinae
1417 2904 1541 2960 ridentur
1555 2916 1661 2977 aptata,
1673 2910 1758 2968 inter·

969 2984 1133 3053 pretatioues
1143 3000 1234 3041 eorum
1246 2989 1442 3048 studiosissime
1451 2996 1628 3063 requiramus.
1643 2999 1758 3070 Ephrem

969 3072 1157 3144 interpretatur
1175 3077 1359 3148 lructihcatio;
1374 3081 1519 3155 Deujrmiiu,
1535 3088 1603 3142 lilios
1619 3091 1757 3160 dexterae3

930 3158 1237 3232 chaeremonem.
1262 3170 1315 3226 llas
1339 3171 1560 3244 uirtuteslncsse
1581 3188 1688 3235 constat
1703 3180 1758 3237 Du·

970 3255 1043 3309 mino
1057 3256 1206 3325 Salvatori;
1220 3257 1387 3315 lructilicarit
1400 3263 1470 3318 enim
1484 3266 1590 3335 quarrdo
1600 3266 1635 3322 ad
1649 3277 1759 3340 tempus

969 3361 1082 3418 corpore
1096 3347 1236 3416 trucidato,
1251 3351 1284 3406 ad
1304 3362 1431 3423 perpetua
1446 3356 1573 3412 coelorum
1587 3373 1671 3429 regna
1692 3377 1756 3419 sur·

969 3437 1143 3494 cecindillus
1157 3439 1289 3509 dexterae,
1305 3443 1332 3497 id
1346 3453 1387 3499 est
1402 3444 1484 3501 Filias
1496 3450 1688 3518 omnipotentis
1703 3451 1756 3510 Pa·

969 3531 1027 3586 tris.
1037 3531 1152 3594 Oblitus,
1168 3533 1230 3588 illud
1241 3534 1341 3590 iudicat
1351 3538 1456 3606 quando
1469 3540 1627 3610 iniuriarum
1641 3557 1755 3603 suarum

968 3620 1076 3691 oblitus,
1089 3623 1115 3678 in
1127 3638 1206 3680 cruce
1220 3626 1321 3694 positus
1342 3641 1389 3696 pru
1407 3627 1519 3686 ludaico
1537 3632 1637 3701 populo
1654 3636 1759 3707 suppli·

967 3711 1047 3765 carit.
1064 3712 1162 3768 Orabat
1173 3728 1238 3785 ergo
1253 3726 1280 3769 ut
1293 3717 1320 3770 in
1341 3718 1383 3772 his
1397 3719 1538 3776 uirtutibus
1551 3724 1676 3792 reniret,
1689 3742 1759 3797 quas

966 3816 1027 3858 cum
1043 3804 1172 3860 iacturum
1186 3823 1248 3862 esse
1263 3810 1415 3867 nullatenus
1436 3815 1592 3885 ambigeret.
1614 3818 1758 3889 Sequitur,

966 3893 1048 3945 excito
1071 3896 1208 3964 potentiam
1230 3906 1299 3950 tuom
1314 3907 1337 3953 et
1356 3902 1426 3966 omi,
1443 3911 1470 3955 at
1489 3905 1573 3960 aulaea
1594 3909 1677 3968 sorim
1699 3928 1758 3969 noa.

966 3980 1095 4047 Quantam
1109 3983 1187 4038 nobis
1201 3984 1340 4041 utilitatem
1354 4003 1402 4058 pur
1420 3992 1632 4052 incarnationem
1646 3997 1758 4057 Domini

964 4082 1075 4127 ttorerat
1098 4087 1159 4129 esse
1173 4075 1353 4145 tribuendam,
1370 4087 1443 4135 tanto
1462 4085 1580 4140 studiose
1594 4086 1758 4158 deprecatur

964 4172 992 4216 ut
1003 4164 1094 4218 excitet
1106 4167 1244 4233 potentiam
1256 4183 1342 4237 suam,
1353 4181 1376 4224 ct
1386 4174 1467 4228 ueniat
1477 4177 1508 4228 ad
1521 4189 1631 4247 peccata
1644 4182 1756 4241 humani

963 4252 1070 4321 getreris
1079 4255 1220 4311 abluenda.
1230 4258 1305 4325 Quod
1313 4261 1383 4315 enirn
1392 4261 1634 4339 desideriumque
1645 4288 1755 4342 preces,

964 4359 1022 4413 utrae
1044 4355 1105 4399 rota
1128 4347 1261 4403 sufficiant
1280 4350 1344 4406 illud
1364 4364 1505 4423 expetere,
1530 4360 1601 4428 qaod
1624 4365 1753 4425 mundum

963 4434 1046 4502 pressit
1059 4452 1072 4488 a
1086 4452 1132 4491 sua
1149 4439 1285 4508 impietate
1299 4445 1421 4498 salvaret

926 4535 953 4593 Ι)
1000 4545 1076 4602 Vers.
1091 4549 1119 4604 5.
1135 4546 1204 4603 Deua
1216 4551 1346 4618 uirtutum,
1362 4564 1476 4610 contem
1490 4573 1547 4625 nor,
1560 4568 1584 4614 et
1600 4566 1704 4618 ostende
1714 4569 1752 4636 {a-

963 4637 1025 4689 ciem
1044 4646 1126 4704 tuom,
1141 4652 1164 4692 et
1184 4640 1247 4694 salui
1266 4645 1368 4700 eriutur.
1389 4646 1519 4714 Quoniam
1537 4655 1667 4711 credebat
1679 4660 1705 4713 in
1724 4676 1753 4715 se

962 4728 1093 4784 mirabilia
1112 4730 1246 4798 iacienda,
1267 4733 1340 4804 justo
1359 4735 1441 4793 Deum
1463 4741 1598 4799 irruocarit
1618 4752 1751 4817 uirtutum,

962 4817 1005 4886 qni
1021 4816 1094 4872 solus
1108 4824 1234 4890 praevalet
1249 4824 1281 4879 de
1305 4825 1497 4885 incredulitatis
1516 4845 1603 4892 morte
1625 4838 1750 4899 liberare.

961 4905 995 4959 Et
1007 4908 1067 4976 quia
1079 4924 1108 4964 se
1117 4923 1226 4967 noverat
1236 4928 1294 4969 esse
1306 4917 1457 4987 distortum,
1471 4926 1580 4978 coueemi
1590 4940 1619 4982 se
1635 4944 1749 5002 magne·

966 5016 1028 5071 pere
1044 5006 1197 5072 postularit.
1213 5006 1268 5062 lloc
1283 5011 1353 5065 enim
1367 5014 1409 5068 cui
1424 5019 1563 5072 coruveniat
1583 5019 1686 5090 iacere,
1701 5026 1751 5082 uisi

960 5095 1088 5148 uirtutum
1103 5095 1225 5162 Domino,
1239 5103 1283 5168 qui
1295 5102 1367 5161 sulus
1385 5114 1479 5172 potens
1494 5119 1533 5163 est
1545 5126 1605 5180 quaa
1620 5116 1680 5169 vult
1692 5119 1753 5175 uni

963 5199 1038 5237 rersa
1051 5187 1203 5253 complere?
1212 5189 1275 5245 Post
1287 5195 1468 5252 consessionis
1477 5210 1563 5254 autem
1575 5201 1751 5275 beneficium,

960 5285 1021 5343 apte
1033 5278 1163 5345 sequitur,
1180 5282 1281 5334 ostende
1299 5283 1390 5349 sociem
1405 5296 1491 5352 tunam
1509 5293 1570 5359 quia
1592 5295 1665 5350 solet
1679 5298 1754 5353 Diri·

963 5366 1031 5418 nitas
1051 5365 1171 5422 ltonmrcs
1188 5368 1242 5439 jam
1257 5385 1386 5428 conuerso
1407 5379 1488 5432 corde
1508 5384 1656 5451 respicere.
1672 5389 1752 5455 Quod

961 5456 1031 5508 enim
1043 5456 1154 5523 addidit,
1167 5468 1191 5513 et
1205 5461 1269 5514 strici
1278 5466 1380 5532 erimus,
1395 5469 1532 5527 euidenter
1546 5476 1681 5545 sigtrilicat
1699 5481 1752 5536 Do·

960 5548 1061 5599 initium
1072 5548 1246 5618 salvatorem,
1258 5555 1334 5622 cuius
1346 5572 1437 5613 reuera
1451 5576 1544 5618 santus
1563 5566 1753 5631 incarnatione

958 5634 1062 5688 salvati.

997 5726 1070 5779 l'crs.
1088 5727 1112 5783 l.
1130 5729 1236 5784 Domiue
1251 5731 1317 5786 Deus
1332 5735 1466 5803 uirtutum,
1481 5758 1610 5814 quousque
1627 5748 1747 5807 irasceris
