3794 6128
131 209 200 269 tait

588 215 770 275 exrostrtd
791 215 824 271 itt
844 213 1072 277 astutuuttttt.
1094 215 1190 281 istu.
1211 224 1324 286 cxtltt.

1697 241 1768 299 tots

127 325 277 398 rotgaudum
301 333 342 383 est
357 343 364 380 ε
378 337 424 383 aut
438 328 507 399 iilius
523 327 659 384 bominis?
676 328 748 384 idem
763 328 924 398 resqntndea·
941 332 1054 402 Alicat3
1070 346 1098 390 ιιι
1116 338 1160 406 qui
1181 351 1245 398 ante
1264 342 1368 401 inerant
1388 344 1522 404 idolorum
1542 350 1653 407 culturis
1671 352 1768 423 (teatin,

128 430 182 486 tur,
199 420 322 490 quoniam
342 430 444 491 reputas
458 438 532 485 enrtt;
549 421 639 491 utique
658 421 684 476 iu
705 420 800 475 oribus
819 420 882 485 tuis,
898 421 924 475 iu

126 524 241 565 numero
265 509 527 580 praedestinatorum,
554 511 580 564 in
605 511 648 565 iila
673 510 822 567 Jerusalem
846 511 924 565 beata

126 603 171 659 ubi
191 617 299 673 semper
315 603 380 674 justi
400 604 434 660 dc
453 605 555 660 bomini
573 604 801 673 contemplatione
825 604 925 675 gntrde⁴

125 693 205 750 bunt.
665 711 667 715 ¹

163 785 241 841 i'ers.
258 785 285 839 l.
307 785 393 840 Homo
408 786 513 840 vanitati
530 785 622 840 sintiiis
637 788 719 856 protus
733 794 788 853 est‚·
801 786 856 839 dies
870 786 924 855 ejus

124 879 192 933 sicat
207 878 295 932 ambra
314 889 480 949 praetereunt.
507 879 625 949 Exponit
640 879 776 935 delinitire
791 882 861 949 quad
878 897 922 932 ιιι-

126 971 217 1038 perias
228 969 347 1025 breuiter
361 970 449 1024 dixit:
466 969 536 1036 Quid
551 984 587 1026 est
601 972 696 1025 iamai
711 972 735 1026 id
750 981 792 1026 est
817 972 925 1025 vanitati

124 1061 219 1115 sintiiis
239 1060 338 1131 iactas,
363 1077 415 1117 uon
438 1063 596 1131 plasmatus.
621 1063 704 1116 titiam
728 1065 799 1116 enim
816 1063 923 1132 qnando

125 1159 233 1205 cnutus
246 1160 297 1214 est,
314 1168 404 1219 retas,
421 1153 546 1222 simplex,
564 1168 656 1222 purus,
675 1154 834 1207 irrrmurtulis
856 1153 919 1217 init;

124 1241 173 1296 scd
189 1251 327 1311 postquam
352 1241 448 1298 sennua
470 1254 629 1314 suggerente
646 1245 774 1313 peccarit,
788 1245 871 1313 iaetus
885 1253 922 1297 est

124 1335 235 1388 sanitati
258 1335 370 1399 similis,
394 1336 520 1405 quoniam
541 1347 569 1389 et
594 1336 730 1390 mutabilis
752 1344 779 1390 et
801 1336 922 1389 mortalis

123 1424 236 1480 effectus
250 1435 302 1480 est.
318 1425 419 1480 Vanum
435 1427 506 1480 enim
521 1425 584 1480 illud
600 1427 725 1494 dicimus,
742 1428 811 1497 qtttrd
827 1427 920 1482 desua

124 1516 274 1571 substantia
292 1515 402 1580 cadetis,
418 1516 444 1570 in
460 1531 538 1570 auras
555 1526 648 1572 tenues
668 1518 815 1582 evortesetr,
832 1527 858 1569 ut
881 1517 920 1570 lu·

124 1621 197 1669 mus,
213 1618 241 1662 ut
255 1609 360 1662 umbra.
374 1607 456 1677 Crrjtts
470 1608 508 1662 rei
523 1608 580 1675 ipse
593 1607 820 1676 comparationem
836 1607 920 1672 nictit,

976 425 1089 483 subinde
1113 430 1146 484 ad
1172 432 1302 489 Ecclesiae
1324 437 1463 495 catlrnliear
1485 452 1559 510 septa
1583 445 1767 516 confugerent.

974 514 1111 585 Sequitur,
1138 523 1224 576 enitte
1250 527 1356 596 sagittas
1384 540 1456 595 tuas.
1482 541 1506 586 et
1530 537 1693 592 conturbabis
1713 555 1766 595 eos.

974 607 1090 676 sagittas
1114 612 1251 679 apostolos
1276 615 1417 686 significat,
1434 621 1477 689 qui
1503 623 1615 679 veritate
1640 628 1766 694 praedica-

975 698 1076 752 tionum
1100 709 1226 772 tanquam
1248 704 1334 774 jacula
1361 721 1474 777 pennata
1501 714 1637 770 bominum
1658 728 1766 786 pectora

975 791 1182 860 transfoderunt,
1195 797 1335 852 sanitatem
1359 801 1489 857 mentium
1513 806 1596 860 sacris
1611 808 1767 863 vuinteribus

974 891 1128 949 operantes.
1145 883 1197 938 Eos
1219 897 1321 950 autem,
1336 890 1368 942 ad
1393 900 1498 947 montes
1520 893 1690 951 referendum
1713 907 1766 964 est,

974 985 1041 1040 quos
1057 972 1083 1025 in
1099 988 1177 1028 versu
1191 977 1323 1045 superiori
1340 985 1505 1037 memorarit.

1012 1057 1086 1116 Veis.
1099 1062 1126 1115 l.
1142 1061 1236 1117 Entitte
1250 1082 1353 1120 manum
1374 1080 1443 1122 taem
1462 1070 1493 1123 de
1512 1072 1577 1133 olto.
1597 1075 1668 1145 cripe
1685 1092 1725 1129 nte
1745 1086 1769 1132 et

974 1155 1054 1209 libero
1064 1174 1103 1211 nte
1113 1159 1145 1211 de
1155 1159 1227 1229 aquis
1241 1160 1340 1226 tatultis,
1353 1163 1385 1216 tle
1395 1180 1472 1219 trtanu
1484 1167 1599 1235 filiorum
1614 1171 1766 1230 alienorum.

975 1247 1023 1302 ilie
1038 1250 1069 1301 ad
1083 1249 1188 1306 Patrem
1204 1253 1282 1308 rerba
1299 1259 1442 1312 contenit.
1475 1260 1583 1316 lienum
1597 1263 1661 1317 dicit
1675 1265 1764 1319 bami-

975 1355 1037 1394 num
1053 1343 1238 1411 Sairatnrem;
1258 1347 1315 1416 ipse
1336 1350 1407 1404 eninr
1432 1368 1527 1407 ananus
1549 1366 1590 1409 est
1606 1356 1703 1423 Patris,
1721 1374 1767 1425 par

973 1442 1051 1504 qnetb
1068 1437 1136 1490 trata
1151 1448 1274 1493 coustant
1289 1441 1515 1513 trnirersa:qrn·m
1532 1447 1623 1502 restire
1637 1448 1768 1517 depreca-

975 1533 1026 1588 tur,
1042 1537 1069 1579 ut
1084 1527 1190 1582 liberari
1213 1528 1284 1601 [tarsa.
1303 1530 1348 1597 tl,
1362 1533 1407 1599 A„
1422 1535 1549 1608 liberare]
1575 1539 1659 1604 possit
1683 1555 1767 1611 gentas

975 1617 1130 1673 ltamanum.
1150 1619 1187 1672 De
1200 1624 1268 1687 olto,
1288 1623 1321 1677 de
1342 1625 1482 1692 potestatis
1501 1628 1621 1694 excelso,
1644 1630 1687 1683 ubi
1705 1647 1765 1683 rnru

122 1694 218 1751 dicens
239 1713 248 1753 z
271 1696 334 1752 bier
354 1698 409 1769 ejas
432 1699 498 1751 stem
524 1698 613 1752 errrore
637 1709 800 1766 perornan.
829 1699 920 1753 tremo
937 1695 959 1754 B
975 1706 1051 1760 Patro
1065 1718 1159 1778 regnan
1175 1711 1306 1777 plantone
1324 1712 1429 1769 virtutis
1441 1725 1468 1770 et
1483 1719 1583 1773 uilitate
1597 1720 1765 1775 sorbsannn.

122 1782 234 1855 quaudo
248 1787 341 1843 autitra
360 1789 475 1856 tideutr,
493 1788 597 1845 ridetur
613 1790 731 1860 quidem,
747 1790 793 1842 sed
810 1789 920 1843 armiro·
974 1794 1042 1851 Petit
1056 1815 1120 1870 ergo
1135 1799 1212 1855 sede
1227 1803 1539 1876 multitudincaquarum
1556 1809 1687 1879 propbeta
1701 1814 1763 1865 libe·

124 1888 179 1934 i‘m
202 1866 259 1939 ³⁸¹⁸
279 1879 360 1936 babil
381 1881 571 1951 lstimiflssssdli
597 1896 658 1935 ssim
681 1880 836 1936 discedessltl
859 1895 919 1934 ⁶⁶¹·
973 1893 1036 1955 rari,
1057 1894 1141 1949 idest
1164 1897 1298 1964 apopulis
1314 1899 1434 1962 ttruiosis,
1450 1909 1477 1954 et
1492 1901 1564 1955 reiut
1585 1904 1701 1971 procella
1717 1920 1768 1958 sar·

123 1985 192 2038 prore
206 1983 254 2040 per
265 1970 337 2042 qaod
352 1971 395 2033 lit,
410 1973 467 2042 ipsa
480 1987 586 2041 quoque
601 1973 737 2027 euanescit
750 1987 782 2027 ae
795 1972 919 2040 disperit.

122 2061 199 2118 Talis
218 2079 286 2133 ergo
305 2072 346 2119 est
367 2074 427 2132 post
450 2072 587 2133 peccatam
604 2064 670 2119 Adae
692 2063 830 2118 bominum
856 2066 919 2133 rita,

123 2160 175 2214 nisi
191 2159 320 2214 beneficio
335 2160 439 2213 bomini
455 2161 534 2214 luerit
551 2160 722 2214 eonlessione
737 2170 871 2229 reparata.

162 2250 238 2306 iero.
255 2252 283 2306 ii.
303 2250 421 2315 Dantine,
443 2254 539 2306 inclino
560 2250 636 2307 coelos
659 2264 726 2319 tuos,
743 2261 765 2306 et
781 2251 919 2316 deseende5

123 2349 201 2412 longe
216 2351 322 2405 montes,
337 2352 360 2394 et
376 2342 546 2412 [remigabant.
565 2343 658 2412 Erupit
674 2343 699 2397 iu
715 2352 833 2411 apertam
857 2357 920 2411 prn-

123 2433 243 2503 paenam
257 2434 291 2489 de
307 2435 419 2490 iiamino
434 2435 543 2491 Citristo
558 2455 564 2490 :
580 2436 652 2490 illam
666 2434 826 2490 senitentiam
843 2437 920 2503 pan'o

122 2524 204 2580 latius
220 2525 353 2594 aperiens,
368 2541 447 2595 quam
463 2528 587 2595 superius
602 2527 720 2582 breviter
733 2527 809 2591 dixit,
824 2525 849 2581 id
878 2538 920 2580 est

122 2618 193 2690 qaod
206 2620 337 2672 innotuisti
354 2621 387 2673 ei.
409 2620 483 2674 Tunc
499 2620 589 2689 ntique
608 2630 717 2689 aspectu
739 2620 853 2673 innotuit
874 2620 919 2673 lto·

123 2710 200 2771 ntirri,
216 2711 321 2779 quando
341 2713 366 2766 in
383 2712 531 2767 bumilitate
550 2723 649 2767 satietas
669 2713 859 2766 incanunionis
874 2728 922 2776 np-

123 2800 211 2870 paruit
228 2818 234 2853 :
249 2801 310 2871 qnia
333 2818 391 2856 curn
411 2803 437 2855 in
460 2803 544 2871 formu
569 2802 615 2854 bri
639 2813 769 2860 rnancren
795 2813 919 2869 esetqne

972 1985 1078 2037 tissima
1102 1987 1361 2058 concitatissimos
1387 1991 1459 2046 enim
1482 1992 1593 2062 populos
1616 1995 1767 2065 siguificare

972 2079 1138 2133 notissimum
1152 2090 1203 2145 est,
1218 2080 1288 2135 sicut
1303 2082 1385 2136 isaias
1400 2082 1465 2137 dicit
1481 2102 1488 2137 ι
1515 2083 1627 2155 Propter
1644 2087 1693 2140 troc
1711 2103 1767 2140 eece

973 2166 1096 2221 dontinus
1117 2169 1218 2225 irtdttcet
1239 2188 1315 2240 snper
1338 2189 1381 2226 aas
1402 2191 1493 2245 aquarn
1512 2177 1585 2243 attali
1608 2177 1718 2231 urriidont
1743 2190 1765 2232 ct

970 2262 1088 2321 attritam.
1109 2276 1192 2330 regem
1205 2265 1368 2332 Assyriorum
1391 2262 1466 2335 (isui.
1483 2281 1540 2329 rut,
1555 2266 1592 2335 i).
1610 2268 1693 2322 Sedu
1709 2284 1763 2336 quo

972 2354 1070 2419 ptmnlo
1084 2366 1114 2404 se
1128 2352 1254 2422 petiverit
1278 2352 1384 2407 liberari
1400 2354 1514 2424 subiecit
1529 2355 1631 2423 dicens,
1647 2357 1677 2409 eie
1689 2375 1766 2411 ntann

970 2442 1083 2509 filioram
1104 2442 1259 2510 alienarunt,
1277 2445 1302 2498 id
1317 2452 1360 2499 est
1375 2446 1408 2500 de
1423 2456 1555 2514 potestate
1570 2464 1660 2502 eornm
1677 2450 1721 2517 qui
1737 2454 1767 2501 li·

970 2534 1074 2586 delibus
1096 2549 1205 2601 parcere
1233 2536 1370 2598 nesciunt.
1396 2538 1522 2605 quartiant
1553 2537 1666 2592 adrersa
1690 2549 1764 2607 patro

971 2634 1123 2677 ttrtscnntnr.
1142 2625 1193 2678 Sed
1209 2626 1331 2693 ‹prramris
1353 2629 1403 2680 lroc
1425 2627 1552 2681 historice
1566 2629 1601 2682 de
1621 2630 1764 2698 allophylis

970 2716 1060 2769 dicere
1076 2716 1206 2779 rideatur,
1223 2723 1311 2770 tamen
1331 2718 1426 2772 ortelius
1443 2718 1599 2787 intelligitur
1614 2720 1648 2772 de
1664 2721 1704 2771 iris
1719 2723 1763 2789 qni

971 2806 1078 2858 dinlroin
1103 2815 1178 2872 psttrc
1201 2819 1377 2874 getterantur;
1400 2807 1549 2878 dequibus
1575 2809 1599 2861 itt
1621 2809 1764 2877 Evangelio

122 2895 180 2949 neo
192 2894 260 2949 t‘ani
271 2906 420 2949 coaeternus
432 2903 509 2964 atque
522 2910 544 2947 ac
556 2894 641 2957 ruatis,
651 2894 917 2960 eaitraniaitseffpsnnn
969 2897 1068 2952 derum
1083 2907 1124 2951 est
1138 2915 1143 2949 :
1159 2896 1209 2950 i'os
1224 2914 1239 2948 o
1254 2912 1326 2966 pore
1341 2899 1442 2952 diabolo
1455 2901 1515 2952 estis
1532 2899 1621 2968 (ioan.
1634 2916 1690 2963 ιιιι,
1705 2902 1762 2969 ll).

124 2987 237 3058 {ormam
256 2988 322 3040 serui
345 2988 472 3057 accipiens
496 2986 606 3057 (i'ltilip.
624 3002 653 3051 n,
671 2987 708 3055 7).
732 2985 805 3040 cato
822 2985 918 3038 rnerito
945 2990 1022 3071 ¹ipsi
1044 2999 1107 3043 snut
1129 2990 1200 3042 araim
1224 2988 1270 3042 biii
1296 2990 1386 3054 alieni,
1411 2991 1456 3058 qni
1482 2991 1515 3044 ab
1537 2990 1656 3046 Ecclesia
1681 3001 1764 3044 rtratre

122 3081 243 3136 dieitur:
260 3079 362 3134 inclino
385 3082 471 3146 coelos,
495 3091 518 3134 et
541 3080 662 3133 descende
685 3095 694 3132 .·
721 3077 843 3148 aprroniam
867 3077 916 3130 i-ta
932 3064 953 3113 ι’
969 3082 1159 3137 eatltolicoratn
1176 3080 1306 3134 habentur
1319 3081 1450 3135 extranei.

123 3173 183 3227 lieri
208 3171 258 3225 nisi
282 3172 408 3227 inclinata
433 3173 522 3226 divina
548 3181 680 3240 potestate
705 3188 756 3225 narr
782 3177 916 3237 poterant.
1008 3170 1084 3224 i'ers.
1115 3169 1140 3223 8.
1172 3169 1286 3234 Quotam
1311 3184 1339 3221 os
1364 3166 1476 3220 iacrrtunr
1499 3178 1536 3221 est
1557 3169 1714 3236 sanitatem,
1737 3178 1763 3223 et

123 3264 264 3318 inclinatio
282 3266 353 3319 enirn
373 3265 502 3320 coelorum
521 3264 579 3324 luit.
604 3263 711 3332 quando
731 3263 763 3318 ad
783 3261 916 3316 lrorninenr
969 3261 1072 3313 deutera
1089 3275 1174 3312 eorann
1191 3259 1295 3312 deutero
1311 3258 1461 3326 iniquitatis.
1478 3258 1516 3313 lie
1530 3258 1594 3328 ipsis
1609 3259 1695 3314 alioue
1715 3274 1764 3327 pn·

122 3353 292 3410 liberandum
314 3356 399 3409 ltonor
420 3370 596 3424 supernorum
612 3357 748 3424 virtusque
768 3354 915 3408 descendit.
970 3351 1038 3422 graiis
1048 3351 1111 3405 dicit
1123 3365 1137 3403 a
1151 3349 1247 3420 quibus
1258 3365 1287 3403 se
1298 3349 1372 3418 petiit
1383 3349 1480 3404 debere
1491 3348 1608 3414 liberari,
1622 3359 1649 3403 ut
1662 3363 1762 3419 quanto

123 3443 227 3498 Montes
247 3444 290 3501 iric
309 3447 438 3514 superbas
454 3445 575 3500 lronrincs
590 3447 721 3500 debemus
740 3447 873 3514 uespere,
891 3452 919 3498 ci
970 3450 1008 3505 illi
1022 3457 1085 3505 snut
1104 3449 1228 3503 eratleles
1243 3458 1270 3502 ct
1288 3447 1407 3516 pessimi,
1425 3455 1498 3502 tmto
1518 3445 1569 3500 iao
1581 3445 1695 3502 celerius
1716 3462 1763 3499 an·

121 3535 256 3590 diabolica
273 3537 412 3606 iniquitate
430 3537 618 3605 praetumidus,
635 3553 701 3607 quos
718 3536 845 3591 Dtrntinns
860 3537 918 3591 teti·

122 3628 182 3698 git,
209 3628 317 3694 quando
340 3629 379 3683 eis
402 3629 635 3698 compunctionem
662 3628 710 3696 pise
734 3627 917 3681 cottvarsittnls

123 3717 254 3771 attribuit.
278 3715 478 3788 Fumiqoaerunt
501 3726 601 3785 autem,
627 3718 689 3772 dum
717 3717 781 3788 ιιι,
799 3715 918 3788 quando]

122 3806 228 3861 crebris
250 3807 371 3876 suspiriis
386 3808 571 3877 continuisque
585 3809 728 3878 gemitibus
743 3823 789 3860 sua
808 3817 917 3876 peccata

123 3899 308 3969 ploraverunt.
333 3900 444 3956 Crassus
462 3902 533 3956 euim
551 3901 638 3955 inritus
651 3914 700 3955 ore
716 3900 842 3964 vomitur,
857 3914 917 3954 cum

127 4005 156 4049 se
179 3992 206 4046 iu
229 3992 362 4061 planctum
381 3993 487 4049 vitalem
509 3994 632 4049 mortalis
649 3991 769 4064 corporis
789 4005 919 4061 compago

125 4086 313 4140 summoverit.

968 3542 1066 3598 diutur.
1090 3544 1126 3597 Os
1141 3556 1234 3596 earnm
1249 3555 1315 3594 rana
1335 3539 1461 3608 loquitur,
1482 3542 1607 3609 quoniam
1627 3553 1642 3591 a
1666 3537 1762 3592 divinis

970 3635 1068 3704 regulis
1095 3633 1248 3702 discrepare
1275 3639 1449 3701 praesamant.
1494 3631 1594 3684 l'anum
1622 3637 1664 3685 est
1690 3629 1760 3683 eninr

969 3744 1049 3783 amne
1061 3728 1131 3796 qnod
1148 3725 1254 3779 ueritati
1267 3723 1430 3778 contrariam
1445 3733 1496 3777 est.
1512 3722 1543 3776 Et
1559 3722 1683 3790 quamtis
1697 3721 1763 3775 dex-

969 3825 1026 3872 tera
1047 3817 1259 3886 irequentissinre
1281 3822 1394 3882 ponatur
1415 3812 1442 3865 in
1456 3812 1544 3876 bonis,
1558 3811 1697 3879 impiorum
1722 3819 1762 3863 ta·

969 3924 1031 3964 naen
1046 3909 1085 3962 sie
1105 3907 1223 3975 iniquam
1240 3904 1315 3965 dicit,
1333 3910 1362 3955 ut
1378 3902 1464 3967 potius
1478 3901 1585 3955 sinistra
1598 3914 1659 3954 csse
1673 3899 1762 3954 ridea-

970 4010 1021 4054 tnr.
1035 3998 1100 4053 liarn
1114 4012 1173 4051 curn
1185 3994 1334 4049 mundanas
1349 4006 1393 4046 res
1405 3991 1552 4060 praecipuas
1565 3998 1646 4059 atque
1660 3991 1762 4059 appeti·

969 4090 1038 4146 biles
1052 4097 1154 4156 putant,
1181 4098 1308 4155 prospera
1330 4082 1463 4136 aestimant
1483 4093 1649 4149 qttmeunque
1670 4078 1761 4133 virtuti

162 4178 239 4234 Vens.
256 4180 283 4235 6.
305 4180 418 4236 Corasca
438 4186 625 4238 coruscationes
648 4193 716 4247 tuas,
740 4194 763 4237 et
783 4183 919 4252 dissipabis
969 4181 1104 4238 eotttraria
1119 4189 1191 4232 sunt.

92 4288 97 4295 ·
122 4286 185 4334 σοις
199 4273 283 4325 emitte
298 4274 404 4341 sagittas
418 4284 486 4343 tuat,
502 4285 524 4327 et
540 4275 702 4329 conturbabis
715 4293 765 4330 eor.
783 4277 850 4330 Ecce
862 4275 917 4343 jam
1008 4272 1083 4326 i’ers.
1105 4270 1132 4324 a.
1155 4266 1237 4331 beas.
1257 4265 1385 4319 ‘difficili‘
1409 4279 1501 4317 nouum
1524 4260 1631 4316 “mim
1652 4259 1714 4327 ‘⁵⁶55
1736 4261 1762 4312 ¹⁸²¹

122 4360 225 4415 Cbristi
246 4363 344 4418 dieitur
364 4366 474 4428 bellum.
494 4376 522 4420 et
543 4367 767 4435 quernadmudnm
788 4367 917 4422 diabolica
971 4363 1091 4433 psalterio
1106 4361 1191 4414 deceno
1208 4358 1363 4411 eirardartuu
1381 4354 1490 4424 psallant
1505 4355 1560 4410 titt.
1584 4353 1663 4409 Venit
1675 4357 1762 4408 ador-

125 4450 204 4504 turba
218 4450 296 4505 luerit
309 4467 432 4522 superata
447 4467 578 4510 narratur.
595 4455 646 4511 Sed
660 4459 780 4525 quamuis
794 4471 916 4509 corusca·
933 4426 959 4486 ⁰
972 4452 1060 4506 dinem
1081 4447 1239 4513 secuudum,
1255 4447 1280 4501 in
1295 4459 1392 4516 quase
1407 4452 1467 4514 post
1481 4442 1667 4519 liberationem
1683 4445 1763 4514 spiri·

123 4540 243 4597 tionibus
256 4552 283 4597 et
297 4545 399 4612 sagittis
413 4546 483 4601 dicat
498 4561 558 4600 esse
572 4556 728 4615 pugnaturn,
741 4557 814 4615 petra
831 4556 918 4599 tamen
973 4541 1083 4597 tualium
1100 4540 1277 4608 nequitiarum
1300 4547 1326 4593 et
1349 4537 1507 4592 intortunium
1523 4535 1693 4607 populorum,
1716 4552 1763 4606 per

125 4629 179 4686 irae
195 4629 268 4698 iecit,
284 4635 327 4700 qni
343 4647 382 4689 est
397 4635 522 4689 ilenrinus
538 4637 674 4690 Cirristns.
692 4635 771 4689 lienis
784 4651 799 4686 a
814 4645 919 4688 cotnra·
972 4649 1063 4688 nonunt
1076 4633 1202 4686 canticum
1216 4629 1343 4699 propbeta
1356 4629 1456 4696 gratias
1469 4642 1548 4698 agere
1560 4627 1673 4682 Domino
1686 4629 1764 4698 polli-

124 4721 168 4777 rio
192 4722 218 4776 iu
239 4722 352 4780 frontem
373 4725 482 4792 diaboli,
505 4727 630 4797 quoniam
656 4741 761 4796 semper
787 4727 919 4779 mandatis
972 4731 1047 4776 cetur
1059 4737 1065 4774 :
1079 4721 1123 4775 ubi
1133 4728 1175 4776 est
1190 4719 1250 4775 nori
1264 4718 1380 4773 lrornirtis
1393 4718 1526 4771 institutio
1539 4725 1566 4769 et
1580 4715 1647 4785 legis
1662 4719 1763 4771 veteris

123 4811 188 4884 eins
201 4814 329 4869 adversus
342 4826 392 4870 cst.
408 4815 549 4871 Contracta
564 4827 606 4872 est
621 4819 694 4872 l'reus
709 4817 752 4871 illu
766 4816 916 4880 durissima,
974 4809 1117 4880 plenitudo.
1142 4809 1243 4864 aaaron
1261 4825 1325 4863 rere
1338 4809 1465 4861 canticam
1485 4814 1526 4861 est
1543 4809 1577 4860 de
1594 4821 1646 4875 quo
1667 4805 1692 4859 iu
1710 4807 1762 4860 alio

125 4901 318 4969 utereturne,
333 4905 494 4972 importuna,
509 4923 568 4976 qute
583 4918 645 4962 ante
658 4906 800 4961 adventurn
817 4907 919 4961 Domini
974 4901 1076 4971 psalmo
1089 4900 1190 4954 dictum
1205 4906 1245 4951 est
1260 4916 1267 4950 :
1283 4897 1389 4952 conlate
1406 4895 1515 4949 Domino
1531 4897 1658 4949 cuntieant
1670 4912 1763 4948 nouum

126 4992 236 5048 veritati
249 4995 392 5049 resistebat
407 4996 516 5052 inrieta.
540 4997 596 5052 lloc
610 5012 702 5053 revera
718 4997 816 5052 Citristi
831 4997 921 5051 dicen·
973 4992 1059 5064 (l‘sal.
1073 5005 1154 5055 xcrtt,
1172 4989 1210 5057 l).
1231 4988 1264 5042 Et
1279 4996 1307 5040 ut
1330 4987 1415 5055 ipsam
1429 4985 1584 5041 ostertderet
1607 4984 1763 5047 nouitatem,

127 5083 192 5141 dunt
214 5092 256 5138 cst
277 5083 387 5150 bellum,
409 5086 472 5154 qaia
497 5087 562 5142 illud
579 5087 661 5141 Dauid
686 5086 851 5156 liguratirum
875 5087 921 5142 luit
974 5084 1098 5154 sulrjeein
1113 5088 1215 5135 caritate
1230 5078 1353 5140 Domino,
1370 5078 1452 5130 arronis
1467 5089 1545 5131 terra.
1566 5075 1669 5130 Novum
1691 5076 1762 5129 arrian

128 5176 262 5246 praelium,
278 5178 420 5248 imaginem
437 5188 546 5248 portans
561 5180 639 5233 istius
654 5180 775 5233 veritatis
791 5178 919 5246 impletu.
973 5176 1069 5232 merito
1084 5176 1191 5237 dicitnr,
1208 5171 1269 5242 quia
1284 5169 1347 5224 dunt
1363 5185 1416 5222 nan
1432 5168 1467 5222 sit
1488 5184 1502 5222 a
1516 5167 1614 5222 iordanis
1629 5176 1762 5235 receptas,

128 5268 199 5323 llicit
212 5271 282 5323 enim
299 5286 307 5323 ι
322 5270 434 5324 corusca
453 5273 640 5326 coruscationes
658 5281 726 5337 tuos,
744 5280 767 5324 et
786 5270 922 5340 dissipatis
974 5268 1071 5337 quibus
1083 5264 1231 5334 promissus
1253 5264 1338 5316 iuerat
1350 5269 1377 5313 ut
1393 5259 1504 5325 vestiret,
1518 5256 1639 5311 transivit
1651 5256 1684 5311 ad
1700 5271 1761 5325 gen·

128 5374 182 5413 eos.
195 5359 271 5424 Quod
285 5370 470 5430 argumentum
484 5362 583 5416 dicitur
596 5377 610 5416 a
623 5361 782 5429 conjugatis.
795 5360 921 5414 Cerussa·
975 5370 1024 5413 tes.
1038 5357 1140 5409 bortrus
1155 5363 1195 5408 est
1212 5353 1303 5416 etiarn,
1320 5351 1389 5421 qnod
1406 5365 1455 5404 nos
1469 5364 1582 5420 corpore
1596 5359 1623 5404 et
1634 5348 1764 5418 sauguine

126 5449 163 5502 sit
175 5449 246 5504 enim
260 5452 449 5504 coronationes
464 5465 536 5513 suas,
550 5453 655 5520 qnando
667 5450 814 5505 tenebrosis
829 5464 923 5518 pecca·
974 5464 1022 5502 suo
1043 5446 1165 5515 saginare
1180 5444 1313 5514 dignatur.
1336 5442 1439 5496 Norunt
1458 5440 1527 5510 quod
1543 5455 1591 5508 per
1611 5454 1706 5508 aquam
1723 5453 1762 5492 re·

130 5538 235 5594 turibus
250 5541 438 5611 prophetarum
456 5539 689 5610 praedicationibus
702 5539 791 5593 lunren
805 5553 861 5594 suae
876 5553 920 5593 re·
974 5535 1154 5608 generationis
1166 5534 1294 5600 absolsit,
1310 5542 1338 5587 et
1352 5532 1393 5585 iris
1408 5531 1516 5592 similia,
1532 5545 1591 5599 quae
1606 5544 1653 5599 per
1666 5525 1763 5582 adren-

128 5635 218 5691 rltstis
233 5634 337 5690 inludit.
354 5633 490 5704 Dissipat-u
505 5645 592 5690 auteur
607 5632 688 5706 {485
704 5631 830 5703 dispersit
842 5631 923 5702 signi·
977 5639 1032 5684 tatu
1049 5626 1152 5682 Dorrtini
1175 5640 1242 5681 trora
1267 5621 1434 5678 institutione
1450 5629 1601 5692 patuerunt.
1628 5616 1763 5688 Sequitur,
