3802 6120
129 221 208 279 ser·
732 227 766 282 ιι.
783 222 920 283 neaerae
939 221 1138 280 cassaneam
1214 206 1217 212 '
1707 226 1760 285 ent

165 335 241 392 hers.
257 336 283 393 8.
305 334 424 402 Stasea,
446 341 505 392 has.
520 336 706 406 Confirmotnm
720 348 756 394 ert
776 355 821 400 eor
836 339 916 410 ejer,·
933 343 953 395 h
971 337 1086 406 impetes
1103 347 1132 394 et
1145 339 1267 404 deletae
1284 353 1313 394 se
1325 337 1381 406 pem
1393 337 1519 393 dentibus
1531 336 1588 391 suis
1599 334 1716 399 mordet,
1730 349 1760 390 sc

128 446 179 483 noa
192 431 385 483 eamraoeehiaer
395 432 474 482 denec
489 432 570 484 uideat
586 433 700 486 iriiaaieor
710 448 778 487 aeos.
793 432 860 498 Quia
872 447 916 499 pe·
969 431 1077 500 proprie
1091 432 1182 487 delore
1199 432 1324 499 campet,
1344 429 1455 500 exigens
1471 445 1484 481 a
1501 441 1531 481 se
1544 427 1679 483 caecatus
1692 440 1760 494 qenes

127 532 213 573 rotem
226 522 361 587 faeroteor
376 518 445 574 beati
460 536 563 588 rperore
578 523 603 574 ia
618 522 736 587 libanino,
749 537 917 592 consequen·
969 523 1012 577 iiie
1036 525 1168 578 sustinere
1180 523 1294 591 cogebat
1316 523 1448 576 innoxias.
1472 520 1588 588 hdiecit,
1605 519 1761 572 desideriam

129 622 170 665 tce
188 608 338 678 adjunctum
357 621 411 672 est,
426 611 603 680 cerimoniarum
624 623 659 667 ert
675 629 720 666 cor
738 614 804 683 ejas.
823 614 916 666 emoto

127 701 198 754 enirn
214 699 314 757 caduce
337 701 555 769 captennacum
578 700 622 756 iiia
645 701 727 756 luerit
740 703 918 757 delectatione

126 790 286 856 completus.
304 788 476 859 Confirmoter
489 805 554 860 ergo
565 808 608 844 cer
619 791 694 862 iusti.
709 809 769 847 cum
785 793 856 845 raiatia
867 807 917 846 sae·

107 918 110 923 -
126 882 180 935 cuii
194 880 322 936 felicitate
336 881 484 947 mollescit;
498 892 526 936 et
535 892 703 951 peccatorum
716 885 758 938 laic
770 883 915 950 respiciens

128 975 285 1041 mentiens,
301 983 438 1041 exspectat
460 973 548 1041 patius
568 989 661 1028 eorarm
677 974 792 1029 ruinam.
818 973 846 1027 ia
868 973 919 1026 hoc

127 1061 200 1117 enim
221 1062 320 1117 munde
347 1062 465 1116 inimicae
481 1062 579 1127 paestano
594 1072 715 1129 potentes
727 1063 820 1125 ridere,
841 1072 869 1117 ut
882 1062 918 1117 ibi

128 1168 176 1208 ees
191 1156 275 1222 possit
286 1152 440 1207 humiliatos
453 1152 584 1216 aspicere.
596 1151 649 1207 Sed
659 1167 720 1206 cera
734 1152 776 1205 hic
786 1152 917 1206 uideamur

127 1246 246 1307 inimicos
258 1252 365 1298 nostros
386 1258 446 1299 esse
467 1244 600 1304 carnales,
616 1242 660 1313 qui
676 1243 813 1297 nobiscum
830 1241 918 1312 aliqua

128 1335 290 1391 adversitate
301 1332 458 1404 confligeret,
473 1333 628 1404 spirituales
636 1332 812 1401 eiaitinteiligi
826 1332 920 1399 arcani-

129 1427 191 1493 tias‚
204 1440 271 1494 quas
289 1424 333 1478 hic
357 1424 463 1493 penitus
478 1439 531 1477 raon
553 1422 684 1486 ridemus,
699 1422 746 1478 sed
766 1423 791 1476 in
810 1422 853 1476 ilie
869 1436 918 1479 nes

127 1524 230 1570 certum
244 1514 459 1583 estjudieatiene
471 1526 645 1581 cognoscere.
664 1511 765 1567 Etcum
781 1513 858 1574 dicit,
870 1511 920 1565 de·

127 1609 262 1664 reccidere
272 1610 687 1676 ioiroicarenee-subaudiendum
699 1619 751 1674 est,
765 1609 919 1672 huiaiiiotes

127 1708 208 1768 atque
219 1702 360 1756 contritos.
373 1702 547 1771 ildispositio
559 1702 624 1775 led,
639 1700 814 1775 dispensatio]
825 1712 917 1759 sancta
933 1716 958 1776 B

127 1785 272 1857 creatoris,
286 1791 329 1860 eei
341 1799 403 1847 tenc
418 1807 465 1847 eos
485 1792 582 1850 iractos
597 1792 660 1848 iacit
671 1792 768 1861 rideri,
782 1808 842 1848 cem
855 1809 918 1864 pes-

127 1883 182 1940 siret
196 1899 256 1941 ctae
266 1886 376 1953 derisui,
394 1903 447 1942 noe
462 1888 569 1943 timorit

163 1973 241 2029 vers.
255 1974 283 2035 9.
298 1973 366 2043 Pae,
381 1975 463 2042 Sane,
476 1975 558 2032 Ceae.
577 1975 715 2045 dispersit,
735 1977 805 2031 dedit
825 1993 921 2044 paupe·

127 2061 198 2116 otoo
211 2078 220 2116 :
229 2064 332 2134 justitia
349 2067 406 2136 ejer
428 2075 513 2120 maaet
533 2066 559 2119 ia
573 2067 695 2120 reculam
708 2065 816 2132 roecula';
839 2083 919 2121 corae

126 2154 182 2225 ejece
196 2153 351 2210 exaltabitur
361 2155 388 2208 ia
403 2154 495 2226 pierio.
509 2156 571 2211 ilaec
584 2156 716 2210 sententia
729 2155 762 2209 ad
774 2154 837 2210 iilud
851 2171 920 2224 pre-

127 2251 233 2313 ceptum
258 2242 420 2299 dominicam
444 2247 559 2313 pertinet
577 2244 632 2300 :Si
653 2246 691 2299 ris
705 2261 760 2302 esre
781 2245 919 2314 perlectus,

128 2333 205 2386 aeode
215 2333 300 2385 omnia
313 2342 368 2398 ιιιιι;
383 2342 407 2388 et
421 2336 455 2388 de
468 2335 638 2405 paraperiires,·
653 2345 678 2388 et
690 2334 755 2398 eeai,
770 2350 921 2403 reperiente

128 2423 235 2496 (hairto.
250 2440 306 2489 xrs,
319 2423 376 2495 et).
390 2423 448 2493 ipsa
463 2436 504 2480 est
514 2424 647 2494 dispersio
659 2439 718 2493 apere
730 2423 842 2480 feliciter
855 2439 919 2477 coo·

127 2522 236 2584 gregem
252 2515 308 2582 ipsa
322 2515 442 2584 erepatla
455 2530 514 2586 que
527 2514 655 2570 eoeiorum
678 2529 758 2586 regna
775 2522 918 2569 mercatur.

114 2600 192 2673 'ilaec
206 2604 250 2672 qei
261 2602 356 2659 iecerit
367 2605 496 2673 justitiam
509 2615 645 2673 operatur,
657 2602 718 2674 quta
733 2604 835 2658 Deoaini
854 2620 918 2674 pce-

128 2703 203 2764 cepta
219 2694 378 2763 complente
397 2704 423 2750 et
434 2695 461 2750 in
481 2694 532 2749 hoc
543 2695 588 2749 ilie
603 2711 709 2762 semper
731 2705 832 2762 manet,
855 2710 921 2766 qrae-

128 2785 200 2840 niem
211 2786 246 2840 ab
256 2784 302 2839 iiie
315 2795 423 2842 erectore
435 2796 534 2839 aeternna
544 2787 636 2853 recipit
652 2786 733 2852 darre,
742 2787 786 2856 qni
798 2786 921 2841 ceatdhlit

128 2877 238 2934 secula.
265 2876 403 2947 Sequitur,
427 2895 507 2932 corae
529 2881 584 2951 ejus
604 2877 758 2932 exaltabitur
778 2879 803 2932 in
826 2878 919 2949 pieria.

129 2967 216 3024 Corae
231 2982 279 3038 pro
294 2977 424 3037 potestate
439 2968 500 3038 poei
512 2982 584 3038 saepe
596 2967 651 3038 jaan
667 2968 768 3024 dictent
785 2979 837 3034 est,
851 2968 920 3025 sicet

112 3058 223 3135 ¹iianiei
237 3059 363 3129 propheta
380 3067 500 3121 testatur,
513 3058 625 3116 diceas:
640 3058 755 3124 Qraotnor
768 3070 853 3121 osorem
863 3075 920 3113 cor-

128 3165 190 3214 neo,
203 3158 313 3218 quatuor
323 3165 401 3220 repen
415 3146 564 3218 tantillae.
577 3164 622 3216 eat,
638 3146 693 3218 li).
709 3148 794 3216 Qaaam
809 3163 920 3204 neccsse

128 3250 169 3294 est
188 3240 239 3295 iilis
260 3239 296 3294 ibi
311 3239 379 3304 dari,
399 3239 445 3309 quei
466 3239 510 3294 iaie
530 3237 688 3298 videbantur
705 3239 749 3309 pia
773 3239 921 3293 iaeariiiitete

130 3332 258 3402 prostrati
273 3332 280 3384 i
296 3330 478 3407 ileonousde
499 3329 636 3384 beatorem
653 3330 728 3383 bools
743 3330 847 3384 iaacntus
860 3340 919 3385 est:

129 3439 199 3479 nunc
209 3425 339 3494 psalmum
350 3425 383 3478 de
399 3423 539 3492 impierum
554 3424 697 3479 eiiiictiene
707 3427 852 3481 concinnit.

164 3512 240 3568 Vers.
261 3513 302 3567 i0.
321 3513 386 3583 itus,
400 3511 458 3577 Sta,
470 3512 537 3567 Tau.
556 3512 681 3567 Peccator
698 3515 800 3577 uidebit,
826 3526 849 3570 at
864 3516 919 3569 ira·

128 3612 231 3669 eceter,·
251 3602 367 3657 dentihaa
387 3603 438 3656 ruis
453 3605 541 3674 penset
564 3613 586 3655 et
611 3602 717 3657 tabescet
736 3620 746 3659 .·
765 3605 919 3659 desideriam

129 3704 290 3764 peccaterum
300 3694 401 3763 peribit.
410 3689 561 3761 'Postaptaan
574 3695 643 3748 beati
657 3694 840 3751 delinitionem
852 3696 919 3751 ditia

968 625 1129 685 pcccaeoram
1143 615 1253 682 peribit,
1271 614 1375 667 scilieet
1391 613 1452 681 qaaia
1468 614 1537 665 sicet
1550 611 1603 664 illic
1618 619 1679 664 reta
1695 609 1761 664 bea·

969 716 1056 761 tornare
1072 708 1099 760 in
1115 722 1197 776 regne
1219 706 1323 760 Domini
1343 706 1459 775 plantata
1475 703 1618 766 liare-bunt,
1642 702 1679 756 ita
1697 714 1760 771 pee-

968 808 1087 854 caterum
1103 798 1238 853 desideria
1248 796 1352 850 succisa
1370 803 1543 849 marcescent.

1239 909 1373 964 Caecinae
1390 910 1491 972 psalant.

1005 1024 1088 1092 Qunam
1106 1023 1214 1091 pulchre
1235 1022 1375 1090 alphabeto
1398 1020 1579 1076 descendente
1602 1018 1697 1074 heatus
1712 1019 1761 1073 iste

970 1113 1118 1182 descriptus
1141 1121 1197 1178 est,
1219 1123 1246 1165 et
1268 1112 1345 1165 sinaul
1370 1110 1438 1165 iacta
1457 1111 1517 1178 ejars
1537 1119 1712 1164 narrarentur
1735 1117 1761 1167 el

970 1205 1078 1273 pretoriis
1092 1205 1098 1258 i
1115 1204 1179 1271 Qaris
1194 1216 1223 1258 se
1236 1204 1328 1257 eiaieae
1339 1217 1390 1256 ooo
1406 1203 1497 1257 credet
1510 1218 1569 1271 praec
1584 1214 1677 1257 sancta
1689 1201 1760 1256 reri·

971 1305 1011 1350 tas
1024 1295 1182 1364 pollicetur?
1193 1294 1245 1349 Sed
1260 1295 1317 1364 ipse
1329 1308 1377 1349 nes
1393 1293 1472 1347 iaciat
1483 1292 1761 1364 tremescentem

970 1387 1103 1442 cirancessit
1116 1386 1218 1441 andire.
1235 1386 1291 1441 iioc
1303 1386 1373 1440 enini
1389 1385 1571 1455 alphabetum,
1587 1401 1641 1450 auo
1653 1402 1761 1441 carmen

972 1478 1041 1532 istud
1056 1477 1192 1546 ianpietem
1209 1484 1260 1539 est,
1275 1475 1307 1530 ed
1320 1475 1510 1545 perfectionem
1525 1476 1665 1542 sapricntiea
1681 1477 1761 1542 perti·

971 1583 1036 1622 nere
1050 1583 1101 1622 nan
1116 1566 1226 1621 dubium
1248 1576 1302 1630 est,
1321 1582 1367 1635 per
1381 1568 1451 1637 ‹paaod
1466 1573 1494 1620 ct
1505 1567 1656 1622 ditiuernui
1672 1582 1763 1622 rerem

972 1657 1126 1713 intellectus
1140 1658 1303 1726 agnoscitur,
1318 1669 1344 1711 et
1358 1657 1499 1724 imperitiae
1513 1658 1590 1726 culpa
1601 1656 1763 1712 declinatur.

973 1748 1017 1802 Sic
1030 1755 1137 1802 coastat
1159 1746 1278 1816 psalmos
1301 1746 1409 1801 diverse
1429 1747 1559 1801 serenitate
1584 1748 1719 1811 variatos,
1736 1753 1763 1800 ut

972 1837 1087 1892 iiaaauana
1111 1836 1280 1892 imbecillitas
1304 1835 1423 1892 discendi
1449 1836 1501 1892 oon
1528 1836 1610 1906 possit
1629 1838 1764 1892 sustinere

974 1926 1092 1983 fastidiat.

1119 2037 1298 2094 exceSttto
1314 2039 1345 2093 hl
1362 2038 1519 2096 esetetttt
1535 2037 1617 2094 citt.

1309 2129 1431 2184 ateleto.

1008 2243 1076 2297 Ecce
1086 2242 1166 2297 rerba
1180 2242 1246 2297 titnii
1258 2243 1299 2297 eui
1311 2242 1476 2312 subsequens
1491 2244 1610 2313 psalmes
1624 2249 1740 2316 exponit
1755 2268 1777 2314 ‚⁴

971 2350 1032 2387 nam
1050 2348 1109 2388 cere
1125 2334 1169 2396 sit,
1183 2333 1305 2398 Alleluia,
1320 2333 1427 2389 laudate
1444 2337 1595 2400 Doarainutn,
1619 2339 1655 2391 ita
1668 2347 1696 2395 et
1709 2340 1763 2408 ipse

972 2423 1033 2479 iecit
1050 2425 1154 2480 ³nitiuei
1181 2425 1278 2494 magist
1296 2441 1411 2490 reerus,
1425 2426 1517 2483 doctor
1534 2430 1669 2500 egregius,
1689 2431 1764 2501 cajet

972 2516 1057 2571 nescit
1071 2531 1160 2571 sermo
1179 2516 1283 2582 tallere,
1300 2517 1408 2587 quiade
1429 2519 1547 2572 veritatis
1571 2519 1644 2574 terite
1657 2530 1764 2576 coirent

971 2622 1107 2662 emanare.
1131 2605 1199 2674 Quid
1221 2607 1293 2662 enim
1316 2607 1367 2662 dici
1393 2615 1481 2678 potest
1502 2609 1601 2663 certius
1623 2625 1704 2679 quarn
1721 2611 1764 2668 ubi

972 2712 1060 2752 rerem
1074 2706 1231 2767 preceptor,
1246 2703 1371 2767 proprius
1387 2697 1514 2768 probatur
1525 2699 1682 2767 expositori

1261 2809 1358 2866 Diuisio
1370 2811 1474 2883 psalmi.

1007 2923 1140 2995 Propheta
1150 2924 1231 2979 Dauid
1246 2924 1341 2994 psalmi
1356 2934 1459 2980 textum
1472 2924 1524 2980 seh
1538 2925 1669 2981 brevitate
1681 2934 1774 2982 trans-

971 3032 1098 3082 currens,
1119 3017 1202 3086 prima
1219 3026 1294 3086 parte
1306 3025 1458 3072 commonet
1472 3016 1603 3083 devotos,
1621 3026 1646 3071 et
1669 3016 1767 3073 laudes

932 3100 955 3160 C
974 3107 1086 3160 boanioo
1097 3106 1198 3176 jugiter
1221 3107 1370 3175 exsolvant,
1381 3107 1444 3161 etia
1460 3116 1517 3161 toto
1529 3108 1596 3162 oriae
1617 3108 1767 3172 praedicare

972 3211 1024 3250 noo
1033 3196 1296 3253 deseoaoaseouodo
1306 3207 1381 3266 parte
1394 3200 1452 3266 ipse
1466 3196 1528 3252 iacit
1542 3197 1612 3268 qued
1625 3198 1697 3251 elios
1710 3214 1767 3251 mo·

971 3298 1033 3354 raet,
1049 3299 1077 3343 ut
1088 3291 1217 3358 aeapister
1235 3304 1314 3344 neres
1328 3306 1380 3343 eran
1395 3297 1449 3344 tare
1467 3289 1558 3351 verbo,
1574 3305 1652 3360 qttatn
1665 3290 1767 3347 docere

971 3379 1091 3435 rideatur
1103 3383 1238 3450 cassiepia.

1241 3490 1376 3562 Expositis
1393 3502 1495 3562 praerat.

1008 3601 1084 3655 teos.
1103 3602 1127 3655 Ι.
1145 3601 1271 3667 Laudare,
1283 3602 1366 3672 pueri,
1382 3600 1519 3655 Dortiianat
1528 3618 1538 3666 ,·
1553 3602 1657 3656 landate
1672 3621 1767 3658 nomen

971 3690 1088 3748 Deurini.
1101 3695 1213 3748 Constat
1226 3695 1276 3748 itae
1289 3709 1385 3748 nemen
1397 3692 1563 3761 simplicibus
1574 3703 1601 3748 et
1613 3698 1767 3761 parcissimis

128 3796 155 3842 et
171 3786 290 3856 pausania,
314 3786 339 3841 in
356 3785 431 3841 tertia
448 3797 522 3854 parte
543 3797 712 3855 peccatorem
734 3788 837 3841 notavit
851 3788 920 3842 inri-
971 3782 1038 3846 daci,
1054 3785 1160 3851 qaaaaado
1171 3791 1198 3837 et
1214 3785 1269 3852 ipse
1284 3783 1410 3858 Dominus
1426 3799 1491 3852 paea
1507 3794 1627 3848 vincetur,
1642 3786 1767 3839 sicetest

128 3878 209 3933 diana.
225 3878 289 3945 Qeee
311 3879 392 3947 hgirca
408 3879 505 3931 elicitur
520 3879 683 3949 paradigma,
704 3879 808 3948 qatoties
822 3879 916 3933 heato·
971 3873 1058 3929 iilud:
1078 3875 1145 3929 Puer·
1158 3886 1233 3931 aretas
1248 3887 1284 3931 eet
1299 3877 1369 3930 nolis
1386 3875 1463 3947 (isai.
1477 3893 1516 3943 ts,
1533 3874 1571 3948 ii).
1586 3880 1666 3931 istam
1683 3881 1765 3948 siqni-

129 3984 189 4025 rem
211 3969 349 4024 hortemur
376 3970 463 4036 honis,
488 3969 616 4024 maiorum
639 3980 727 4025 antem
752 3971 919 4026 deterremur
971 3966 1032 4022 dean
1049 3978 1154 4022 aetatem
1170 3984 1217 4036 pro
1233 3969 1385 4024 ieaiaaceatia
1399 3969 1564 4041 305suaa
1583 3971 1773 4026 haroaiooooa.

129 4061 269 4127 exemplis.
284 4059 339 4113 iiec
353 4058 424 4117 enine
440 4057 548 4113 sebenia
566 4060 591 4113 io
607 4060 649 4115 his
664 4060 771 4136 psalmis
793 4060 918 4115 omnihus
970 4065 1024 4113 stat
1038 4057 1165 4121 electaoa;
1182 4057 1245 4112 dicit
1260 4058 1330 4112 enim
1346 4058 1483 4125 discipulis
1497 4059 1551 4113 siris
1567 4076 1575 4113 :
1592 4059 1679 4115 Sinite
1701 4077 1766 4131 per-

129 4147 273 4213 inveninn,
289 4149 334 4217 apd
355 4148 498 4217 lenirentur
519 4148 552 4203 dc
566 4150 731 4205 institutione
756 4151 915 4212 beaterum:
970 4148 1041 4202 calor
1054 4151 1137 4202 ecaire
1155 4149 1189 4202 ad
1204 4165 1252 4210 rae.
1277 4149 1364 4201 talium
1379 4159 1414 4202 est
1432 4150 1502 4203 enirn
1523 4166 1626 4220 repente
1642 4152 1766 4206 eoeloranr

128 4240 250 4308 errationis
264 4247 290 4292 et
308 4238 520 4319 atobtioaeodam
535 4238 684 4308 reperiatur
696 4248 832 4308 aptatom;
848 4239 919 4296 sicet
970 4240 1077 4308 (diarria.
1096 4256 1151 4300 aar.
1177 4242 1233 4309 it).
1248 4240 1340 4296 hieriae
1354 4255 1418 4311 ergo
1434 4240 1483 4319 hos
1499 4244 1627 4312 prophete
1641 4258 1766 4299 coaetane-

127 4340 155 4385 et
165 4332 191 4384 ie
203 4331 290 4399 primo
305 4330 406 4400 psalmo
417 4341 521 4386 constat
531 4332 665 4387 ellestram.
682 4331 823 4397 irascerer,
837 4333 916 4400 dixit,
970 4342 1015 4388 net
1040 4333 1132 4387 laedes
1149 4333 1261 4386 beroem
1284 4333 1382 4389 dehere
1398 4343 1516 4398 caetere,
1531 4335 1575 4404 qrai
1596 4335 1680 4391 corde
1693 4351 1765 4406 pere

127 4422 231 4476 scilicet
245 4421 307 4487 sibi,
322 4423 365 4491 qui
382 4422 525 4478 noluerent
540 4437 555 4476 a
571 4424 700 4492 pravitate
714 4424 853 4490 suspendi.
871 4424 915 4477 Vi·
970 4423 1001 4475 ad
1026 4437 1072 4478 ees
1091 4423 1215 4476 ridentur
1233 4424 1371 4479 accedere.
1395 4424 1452 4478 Noa
1473 4425 1544 4479 enine
1567 4426 1611 4480 hic
1631 4436 1700 4479 etas
1724 4437 1766 4481 est

127 4511 226 4567 dehent
240 4511 304 4583 led„
322 4508 424 4584 vident]
436 4513 507 4569 enim
519 4529 547 4566 se
563 4517 764 4584 presumpsisse
779 4517 914 4586 qaraaadem
971 4514 1068 4579 eiecta,
1085 4514 1131 4568 scd
1147 4529 1196 4583 pour
1209 4526 1258 4568 tes.
1274 4514 1386 4584 Respice
1399 4529 1505 4586 quaeque
1518 4515 1545 4569 in
1559 4519 1608 4569 hac
1623 4519 1766 4585 repetitio-

127 4603 162 4659 de
173 4603 256 4673 gloria
270 4604 381 4668 caduce,
394 4606 427 4659 de
439 4615 570 4673 potestate
586 4607 702 4675 fugitiva,
718 4616 744 4660 et
754 4610 820 4661 aiios
834 4609 917 4663 heari-
971 4619 1005 4659 ne
1023 4605 1164 4673 atterendam
1178 4621 1239 4660 esse
1253 4605 1417 4659 distantiam.
1436 4605 1573 4663 damiatem
1592 4607 1693 4674 haedere,
1717 4612 1765 4677 apri

127 4697 247 4753 tudinem
263 4699 396 4768 accipere,
410 4714 469 4767 oeae
478 4702 563 4754 ae-cit
574 4698 715 4769 aiiapiaoda
725 4700 864 4767 desinere,
877 4702 916 4756 im
970 4697 1136 4765 seproiaahiii
1148 4698 1252 4751 actione
1262 4698 1433 4753 cornuaendat
1444 4717 1450 4751 :
1460 4701 1562 4753 dorotea
1576 4698 1679 4753 donator·
1690 4700 1765 4757 idem

112 4776 207 4863 'juste
233 4789 379 4862 indignatio
394 4806 466 4857 vera,
482 4791 528 4846 sed
545 4806 596 4844 non
613 4792 730 4862 prolicua
748 4795 916 4864 temperiem
970 4789 1069 4853 lauriae,
1086 4785 1131 4857 apd
1145 4789 1258 4841 sintenes
1271 4786 1330 4857 ejus
1349 4800 1440 4845 sancta
1456 4788 1644 4859 predicatione
1660 4805 1763 4845 coriace-

114 4880 243 4963 'triticeis
262 4882 487 4938 Potuerantenim
502 4884 536 4938 ihi
551 4900 604 4940 nae
619 4884 761 4955 indignari,
771 4887 793 4941 si
808 4888 851 4941 hic
861 4888 916 4941 sais
970 4882 1064 4934 leheat.

127 4972 200 5028 statis
211 4973 386 5030 redderentur
396 4973 503 5029 leiensi.
520 4976 654 5044 Senaaitnr,
670 4978 784 5032 deatihas
796 4979 847 5032 reis
862 4979 915 5048 [re-
1007 4976 1081 5028 iere·
1101 4973 1128 5026 2·
1149 4972 1190 5028 Sil
1212 4989 1305 5026 laomen
1331 4972 1433 5027 Domini
1456 4973 1631 5039 benedictum,
1655 4992 1690 5028 ee
1716 4976 1766 5030 hec

126 5074 177 5119 roes
190 5071 213 5117 rt
226 5064 342 5119 rebecca.
358 5065 486 5120 Peccator
502 5074 530 5119 et
545 5068 649 5121 invidos·
671 5067 697 5123 io
711 5082 758 5120 sna
784 5071 915 5124 arietinas·
968 5080 1037 5117 aarre
1061 5071 1085 5117 et
1106 5058 1186 5134 arare
1203 5065 1230 5117 io
1250 5063 1383 5118 saraiam·
1403 5064 1441 5119 Ne
1456 5064 1524 5119 iare
1542 5067 1592 5120 sibi
1610 5081 1760 5119 oaoaaeoaa-

126 5153 290 5226 malignitate
304 5156 463 5211 describitur
479 5175 484 5211 :
502 5158 645 5213 iracundiae
659 5159 767 5227 qahtem
783 5174 838 5213 satae.
850 5161 915 5214 reti·

126 5258 192 5299 ttens
208 5246 317 5310 malem,
335 5245 380 5300 sed
397 5246 460 5297 otalii
473 5244 540 5299 aiitre
555 5248 703 5301 nanterus.
719 5247 767 5302 ilic
779 5248 850 5302 caim
866 5249 916 5304 ina·

126 5338 170 5404 pie
182 5337 409 5400 commovebatur,
427 5344 457 5388 ut
469 5337 582 5391 alterurn
599 5337 705 5392 lederet
719 5338 771 5392 :ihi
784 5338 856 5407 jaste
864 5341 915 5395 sihi

126 5427 166 5480 ire
182 5429 261 5495 citur,
280 5426 404 5495 ‹pairaniam
421 5444 468 5496 pre
483 5444 529 5482 sara
553 5429 716 5499 malignitate
733 5432 850 5500 praaaitur.
872 5432 915 5486 Sic

126 5531 154 5572 et
170 5519 251 5574 isaias
264 5520 317 5574 alt:
333 5519 390 5574 Noa
402 5530 438 5574 eat
451 5539 501 5589 pac
512 5522 607 5591 iatpiis,
623 5525 684 5577 dicit
701 5525 826 5579 Doariraas
837 5523 914 5596 (ira.

127 5620 190 5672 aret,
209 5608 267 5664 en.
289 5609 352 5665 herm
372 5609 491 5669 ircrrrites
507 5613 563 5682 ejias
589 5615 638 5669 hec
663 5617 717 5684 agit
738 5623 767 5668 ut
781 5616 913 5682 tabescat,-

968 5167 1045 5206 neaui
1063 5151 1166 5207 laudem
1188 5154 1263 5222 pueri
1285 5151 1428 5208 crederent
1449 5154 1624 5224 inasperatam,
1647 5154 1766 5209 diciret

969 5243 1048 5298 niodo
1063 5245 1088 5298 io
1104 5244 1154 5298 hoe
1169 5245 1268 5299 saccula
1283 5246 1493 5314 praedicandum,
1511 5256 1539 5300 et
1553 5245 1580 5300 ia
1595 5248 1637 5301 itia
1649 5265 1762 5319 speroque

968 5339 1116 5392 aeterniate
1129 5337 1303 5392 iaaardandem.
1325 5338 1376 5394 Sed
1391 5353 1423 5392 ae
1443 5339 1482 5393 rel
1498 5339 1548 5393 hoc
1561 5339 1683 5409 localiter
1696 5358 1762 5412 pos-

967 5432 1002 5484 sit
1013 5428 1132 5501 intclligi,
1147 5429 1240 5485 sehter
1254 5431 1319 5485 dia-it
1340 5432 1564 5503 areomadmodum
1580 5434 1624 5488 uhi
1637 5450 1681 5501 ¹ee
1701 5437 1762 5490 lae·

967 5523 1055 5578 detur.

1005 5615 1079 5669 teas.
1094 5616 1121 5671 ὅ.
1143 5620 1163 5670 A
1177 5616 1239 5673 telis
1260 5625 1316 5669 orta
1340 5631 1419 5690 napae
1441 5621 1475 5670 nd
1497 5634 1626 5681 necarant,
1654 5619 1762 5674 laridote
