3794 6128
127 242 176 299 tau
722 250 755 304 lt.
779 248 917 306 ttlttEttt
938 247 1141 305 cassulbottt
1691 253 1741 309 tu

125 361 285 433 ll'esv'ouuml
296 380 302 416 :
314 359 693 431 ddi-crteutesigitnrrnodunr
706 360 906 426 irrcarnatiunis,
922 365 943 418 Α
960 358 1124 412 delinitionis
1149 365 1205 424 est,
1219 373 1278 429 qrrae
1302 358 1394 415 uince
1419 360 1533 430 dieitur,
1549 362 1605 417 κατ’
1623 361 1739 431 ἔπαινον,

125 452 243 506 aidernus
262 453 322 522 quia
337 452 397 505 duae
414 460 517 504 naturae
532 464 579 517 prr
591 449 754 503 individuum
779 449 907 503 unitatem
956 449 1051 504 Latine
1063 464 1109 517 por
1125 448 1241 505 laudem.
1257 449 1374 519 Singulis
1385 451 1456 507 eninr
1472 452 1639 522 diversisque
1652 455 1742 511 verbis

125 542 263 596 luconluse
275 553 354 610 atque
370 540 597 595 indemutabiliter
610 541 724 595 inuicem
741 540 792 595 sibi
808 555 905 595 coure-
949 538 1128 607 predicando
1138 538 1256 593 declarat
1268 540 1331 608 qnid
1352 540 1387 595 sit
1401 541 1545 607 barnuinus,
1560 542 1640 596 nrodu
1652 544 1740 609 uirtus,

125 632 224 687 nerint.
237 631 305 685 Caro
320 646 433 699 natuque
447 646 511 687 earo
536 642 587 699 est,
603 640 630 686 et
652 647 704 685 uon
719 630 821 698 Deitas,
844 631 907 687 licet
958 629 1037 683 modo
1052 628 1249 697 procurrentem,
1265 631 1344 683 modo
1359 632 1497 703 refugium,
1513 633 1593 686 modo
1611 633 1741 699 liberator,

126 721 171 776 bei
187 721 255 775 laeta
266 721 302 775 sit
314 736 388 774 caro.
403 721 532 777 Similier
546 723 625 775 etiam
641 721 756 776 llerburn
772 722 841 777 Deus
854 731 906 790 est,
958 720 1038 772 modo
1058 719 1179 786 odiatur,
1195 718 1275 772 modo
1290 729 1429 787 protector,
1444 721 1523 774 modo
1545 737 1623 775 cornu
1637 723 1741 776 salutis.

125 821 151 866 ct
164 826 216 869 nun
229 825 302 872 caro.
315 811 376 867 ticet
387 812 584 882 dispensatorie
597 814 730 883 propriam
746 811 836 868 lecerit
849 827 908 868 car·
959 810 1021 864 llaec
1034 810 1105 864 enim
1121 810 1210 864 omnia
1227 810 1337 879 pulchre
1360 811 1519 880 ostendunt,
1539 813 1598 883 quis
1621 814 1678 883 ejus
1701 825 1742 869 cst

125 916 197 955 nom.
214 901 275 956 ilaeo
289 910 379 956 autem
394 902 452 956 sine
467 902 615 958 olicus²ouc
632 903 760 969 decurrit,
776 904 821 972 qui
836 903 907 956 nulla
960 903 1098 958 dominns.

124 991 174 1046 sibi
190 992 288 1061 proprii
304 994 404 1048 erroris
418 993 560 1065 ligamenta
575 995 712 1062 repererit.
731 994 814 1063 llnjus
828 994 907 1048 etiam
994 995 1070 1051 llers.
1085 995 1112 1049 2.
1128 995 1254 1052 Dominus
1268 997 1454 1066 firmamentum
1467 1013 1560 1066 mesor,
1579 1007 1602 1053 et
1617 997 1743 1070 retugium

125 1083 219 1150 psalmi
233 1098 372 1140 numerum
384 1093 411 1140 et
426 1087 561 1155 quantitas
577 1085 740 1155 prophetalis
751 1087 866 1150 ornarit,
880 1094 909 1140 ut
957 1104 1059 1155 mum,
1079 1098 1102 1142 et
1115 1089 1235 1144 liberator
1258 1105 1328 1144 utens
1340 1104 1349 1152 ,·
1362 1089 1430 1144 ileos
1451 1107 1522 1145 meas
1543 1093 1646 1162 adjutor
1663 1107 1743 1144 tricus.

125 1175 220 1231 urerito
235 1175 261 1229 in
276 1176 325 1230 lroc
340 1191 452 1231 numero
468 1177 615 1231 incarnatio
629 1177 735 1232 batarini
753 1177 835 1231 relata
849 1189 909 1232 csse
958 1179 1035 1237 Jttste
1049 1180 1116 1235 dicit
1139 1181 1281 1236 Dominum
1302 1181 1491 1252 firmamentum
1512 1198 1597 1246 suam,
1619 1182 1743 1252 quoniam

126 1267 264 1332 rideatur,
280 1268 324 1324 nbt
345 1268 426 1325 etium
451 1269 616 1338 proplietalis
639 1269 739 1324 eborus
752 1267 909 1326 conuenisse
959 1271 994 1326 ab
1009 1272 1067 1341 ipso
1079 1286 1236 1328 concessum
1250 1282 1292 1328 est
1304 1285 1332 1327 ut
1347 1272 1461 1328 inimicis
1471 1273 1525 1328 suis
1539 1273 1565 1328 in
1581 1275 1638 1329 acte
1652 1273 1744 1329 tirmus

125 1360 309 1430 cognoscitur.
670 1368 672 1373 '
960 1362 1113 1430 assisteret,
1136 1371 1164 1417 et
1178 1363 1262 1417 riracl
1283 1363 1456 1417 animositate
1470 1370 1607 1433 pugnaret.
1625 1361 1663 1439 Et.
1675 1363 1718 1431 res
1734 1391 1743 1402 ·

258 1470 436 1527 Expostulo
455 1468 488 1525 pu
508 1469 670 1529 psgpgupp
689 1469 769 1527 xpp,
959 1470 1028 1525 prum
1043 1469 1136 1508 orsum.
1151 1453 1258 1524 Utique.
1271 1455 1387 1524 quaudo,
1403 1469 1462 1509 cunr
1477 1452 1525 1508 luit
1540 1469 1608 1523 opus
1620 1455 1745 1518 consiliu,

126 1583 157 1638 ιη
169 1583 246 1652 Μ
260 1600 336 1653 pm
354 1584 455 1638 Domini
475 1582 556 1638 David
582 1584 626 1654 qm.
639 1583 738 1638 ,oculus
751 1593 787 1637 m
807 1583 841 1636 ad
857 1582 910 1637 Do·
959 1544 1058 1615 relugit
1069 1543 1101 1598 ad
1116 1554 1270 1610 tractatum.
1282 1555 1309 1600 et
1320 1544 1423 1599 invertit
1438 1543 1581 1599 divinitate
1594 1553 1745 1600 monstran-

159 1658 255 1707 nn'nnnt
277 1655 351 1707 uerbo
370 1655 461 1707 cantici
476 1627 566 1721 trojus:
576 1656 602 1706 iu
615 1653 656 1706 dt'e
675 1669 725 1720 pua
745 1655 839 1720 eripuit
852 1670 908 1706 eant
960 1643 999 1702 ¹0»
1016 1635 1428 1705 ¹1¹⁰de¹¹¹¹¹l¹⁰¹0¹³¹¹¹¹t²¹¹¹²¹0·
1444 1636 1538 1690 ¹¹0¹¹¹⁰
1552 1643 1639 1689 ²⁰¹0¹¹¹
1650 1634 1745 1689 mm·

161 1724 285 1778 llomr'nns
307 1726 337 1776 de
352 1740 392 1776 rna
405 1740 428 1775 u
444 1725 557 1777 omnium
571 1723 732 1778 inimicorum
745 1726 817 1792 eJ'us,
832 1735 855 1777 et
876 1725 909 1778 de
924 1736 947 1796 B
961 1736 1039 1780 torem
1052 1740 1129 1782 suum
1146 1726 1286 1782 Dominum
1308 1726 1459 1796 prolitetur,
1475 1725 1520 1796 qui
1533 1741 1593 1780 eutn
1605 1725 1637 1779 de
1649 1723 1744 1780 saris·

160 1811 237 1847 ''⁸¹²¹“
251 1791 330 1859 swa
345 1803 368 1846 ‘¹
382 1795 459 1847 ἀίω·
611 1802 614 1817 ’
961 1818 1021 1873 simi
1034 1816 1212 1896 regia,Saulis
1225 1816 1264 1871 iro
1280 1823 1406 1884 tanquam
1422 1814 1455 1870 de
1470 1815 1567 1869 iulerni
1583 1828 1631 1870 ore
1645 1814 1744 1868 llbera·

159 1901 193 1958 1¹²
207 1904 296 1974 ditem,
311 1920 401 1971 puero,
420 1911 448 1958 0¹
467 1902 559 1968 David,
575 1904 633 1959 lraec
646 1905 694 1958 tria
706 1904 787 1959 rerba
805 1903 837 1956 ad
853 1902 908 1959 lle·
961 1909 1010 1963 uit.
1034 1906 1103 1962 derra
1118 1924 1187 1963 meus
1200 1908 1305 1978 adjutor
1318 1922 1398 1962 meus.
1416 1907 1599 1961 Praestitoruur
1614 1905 1745 1960 suauitate

124 2014 184 2070 gent
200 2009 319 2052 nostrum
335 1999 501 2052 salvatorem
515 1997 611 2054 reterri
634 2013 713 2067 posse
727 2013 778 2052 non
799 1998 907 2053 dubium
960 1999 1106 2070 pellectus,
1118 1999 1144 2052 in
1160 2013 1291 2053 summam
1315 1997 1413 2066 repetit
1427 1997 1565 2066 superiora
1579 2012 1638 2065 irum
1658 1994 1744 2049 dixit:

67 2088 72 2099 '
125 2098 176 2144 est.
191 2087 257 2142 Nam
272 2097 300 2143 οι
317 2089 489 2157 praeelegitur
508 2088 535 2143 iu
551 2088 909 2160 propbeta:58Puertro·
959 2090 1020 2160 qula
1045 2091 1144 2159 ubique
1159 2091 1216 2159 ipsc
1230 2089 1324 2151 adluit,
1337 2103 1450 2157 eumque
1469 2087 1574 2142 uirtutis
1587 2100 1643 2142 sum
1658 2087 1745 2140 muni-

125 2188 164 2232 tas
177 2187 214 2232 est
227 2178 298 2232 ralis
309 2176 376 2248 (lou.
385 2193 422 2241 ιι,
435 2177 474 2246 dl.
489 2179 539 2246 Qui
552 2178 704 2263 locuturus
720 2180 754 2232 od
773 2179 909 2234 Dominum
960 2181 1033 2236 mine
1058 2181 1211 2237 custodiuit.
1233 2180 1285 2236 Sed
1308 2179 1450 2236 considera
1471 2178 1542 2249 qnod
1557 2181 1592 2233 lta
1616 2179 1746 2248 percurrit

126 2267 199 2323 nolo
213 2268 305 2322 cortici
319 2267 486 2339 injus5post
500 2270 557 2322 baec
568 2268 618 2322 alia
632 2268 782 2337 deputanda
794 2277 865 2332 sunt,
880 2276 909 2323 nt
959 2272 1077 2342 singula,
1098 2282 1126 2327 nt
1151 2272 1207 2327 suis
1232 2272 1334 2326 meritis
1363 2285 1416 2325 non
1444 2280 1586 2340 praesumat
1610 2268 1745 2338 applicare

126 2356 161 2410 sit
176 2357 316 2411 uerborum
330 2356 434 2426 plenior
446 2367 473 2412 et
484 2357 604 2413 absoluta
616 2358 761 2413 contextio.
775 2358 850 2426 Quod
862 2374 909 2413 au·
959 2361 1064 2416 col'ata.

127 2456 180 2502 tent
193 2447 292 2502 dictum
305 2455 348 2502 est
362 2449 464 2514 cantici,
477 2449 511 2502 ad
531 2449 783 2519 contemptationem
805 2458 910 2505 constat
996 2451 1071 2506 Vera.
1083 2452 1110 2508 5.
1124 2449 1158 2505 Et
1167 2450 1273 2523 sperabo
1283 2451 1310 2505 r‘n
1320 2467 1393 2507 cunr:
1405 2459 1530 2520 protecter
1539 2466 1620 2515 meus,
1632 2458 1656 2504 et
1666 2465 1745 2503 cornu

126 2539 369 2594 rernmcoclestium
381 2540 532 2608 pertinere:
544 2540 781 2611 neregtstnttartu
793 2553 909 2597 tantum·
959 2543 1049 2597 solutis
1063 2557 1134 2608 rneoe,
1149 2543 1255 2616 adjutor
1269 2558 1349 2596 urens.
1366 2540 1538 2595 Conddentcr
1549 2541 1605 2608 jani
1618 2541 1745 2609 postulat,

126 2630 206 2688 niodo
217 2630 326 2685 historia
341 2631 438 2685 urentis
450 2641 549 2686 nostrae
560 2631 674 2687 haereret
688 2633 808 2687 intuitus.
823 2632 856 2687 ln
868 2633 910 2687 tlir
960 2633 1006 2702 qni
1015 2633 1048 2687 de
1061 2633 1164 2687 Dourini
1176 2632 1259 2702 gratia
1272 2641 1332 2701 pust
1342 2631 1532 2686 beuellciorum
1546 2629 1668 2699 etetnpla
1680 2644 1745 2694 prse-

125 2740 175 2796 pna
195 2723 288 2791 eripuit
303 2739 361 2776 enm
382 2722 507 2777 ltominus
520 2727 552 2778 de
571 2741 647 2778 muna
668 2726 780 2778 omnium
794 2726 909 2779 inimico-
960 2726 1052 2778 sumit.
1066 2722 1131 2775 llam
1146 2722 1179 2777 de
1199 2722 1287 2777 lutum
1310 2721 1468 2776 tirlucialiter
1487 2735 1595 2790 sperare
1617 2718 1744 2784 sedicit,

123 2830 182 2871 ram
195 2817 262 2883 ejas,
272 2822 296 2868 et
311 2813 342 2867 de
351 2829 429 2867 arona
444 2814 521 2880 Saul,
533 2825 558 2869 et
572 2816 646 2869 dicit.
658 2815 706 2870 llic
718 2827 793 2871 actus
807 2815 908 2886 Regum
959 2814 1003 2882 uiri
1018 2827 1078 2866 enm
1090 2812 1116 2865 in
1129 2812 1272 2880 praeteritis
1294 2820 1414 2866 senserat
1428 2809 1587 2880 arlintorenr.
1610 2808 1744 2862 Protector

123 2904 239 2959 lectione
253 2905 408 2959 notissimus
426 2916 486 2969 est;
503 2905 539 2959 ibi
552 2907 623 2961 enim
646 2906 725 2962 latins
748 2907 909 2962 describitur
959 2919 1039 2956 utens.
1061 2903 1117 2956 lloo
1138 2902 1171 2956 ad
1188 2916 1248 2956 euru
1272 2902 1388 2971 pertinet
1401 2900 1619 2965 cristodiendum,
1635 2901 1681 2970 uui
1697 2899 1745 2954 ad·

127 2993 347 3060 rpremadrnodnru
363 2995 445 3050 llarid
461 2994 542 3050 luerit
554 2997 588 3050 de
604 2995 771 3051 inimicorum
798 3011 907 3051 suorum
960 2994 1139 3047 versariorum
1162 2992 1338 3062 appetebatur
1358 2991 1471 3045 insidiis.
1491 2991 1567 3057 Quod
1592 2998 1680 3045 autern
1700 2990 1745 3045 bic

124 3085 227 3141 ditione
241 3087 378 3141 liberatus.
393 3086 433 3140 tld
448 3087 524 3156 crrjus
537 3088 736 3142 sirnilinidinem
749 3089 909 3143 resurrectio
923 3101 946 3163 c
960 3085 1042 3152 dixit¹
1060 3099 1138 3137 cornu
1158 3083 1249 3138 scintis
1264 3097 1320 3138 suae
1336 3082 1486 3148 Dominum,
1502 3082 1535 3136 ad
1548 3080 1669 3136 inimicos
1685 3095 1744 3152 per-

128 3174 231 3229 Domini
242 3216 249 3240 ,
262 3185 288 3230 et
303 3176 483 3229 membrorum
503 3174 561 3244 ejnr
574 3175 705 3230 absolutio
727 3175 761 3231 de
777 3185 907 3245 potestate
962 3175 1028 3230 tinet
1037 3175 1215 3245 dissipandos.
1227 3173 1329 3229 Cortum
1338 3175 1409 3229 eninr
1422 3183 1484 3229 suut
1495 3187 1568 3227 arma
1582 3171 1743 3240 belluarum,

961 3264 1056 3336 quibus
1065 3263 1176 3319 salutem
1187 3277 1262 3319 suam
1273 3264 1365 3319 solerti
1378 3263 1576 3319 concertatione
1586 3260 1742 3317 defenduut.

961 3355 1158 3426 Adiutormeus.
1170 3354 1285 3410 llulcedo
1293 3354 1413 3410 bettelieii
1424 3355 1606 3424 repetitionem
1617 3353 1745 3408 lecitcsse

125 3265 257 3321 diabolica
271 3266 432 3321 declaratur.

411 3377 507 3433 Diuisio
525 3378 627 3450 psalmi.

162 3490 284 3547 Psalmus
297 3488 340 3545 bic
353 3489 398 3545 uni
414 3497 514 3544 tanturn
526 3503 578 3543 non
594 3496 681 3558 potest
694 3489 837 3545 conuenire
846 3504 909 3560 prr·

66 3618 71 3625 -
128 3594 211 3638 tone.
226 3580 291 3636 Natu
308 3579 395 3650 primo
411 3580 504 3635 ordine
519 3580 648 3649 propbeta
670 3581 786 3650 loquitur
808 3580 908 3651 gratias

128 3672 288 3743 sgrnsqnort
301 3687 362 3727 enrn
383 3671 417 3726 de
433 3671 557 3742 grauibus
581 3671 705 3740 periculis
720 3671 810 3727 diuina
825 3671 908 3740 pletas

127 3765 242 3821 liberare
254 3765 360 3835 dignata
373 3770 425 3818 est.
439 3763 563 3819 Secundo
578 3761 697 3818 Ecclesia
712 3763 840 3834 loquitur,
849 3779 908 3833 quas

128 3865 190 3912 tute
204 3856 346 3911 adrentum
362 3856 467 3909 Domini
483 3855 636 3909 innumeras
652 3855 760 3925 pertulit
772 3855 908 3910 calarnita·

129 3956 179 4012 tes,
194 3954 337 4017 posteaque
348 3945 473 3999 misertus
487 3945 522 4009 ei,
534 3945 691 4025 medicinam
707 3953 806 4000 sanctae
821 3946 908 4000 incar·

128 4039 244 4095 nationis
266 4035 390 4102 inuritur,
403 4047 431 4092 et
446 4036 611 4105 baptismatis
630 4034 760 4091 bertellcio
778 4034 908 4091 Christia-

129 4146 191 4185 num
203 4131 327 4200 populum
352 4129 386 4185 de
399 4128 473 4183 urbis
495 4129 669 4184 universitate
687 4127 909 4198 collegit.Tertio

127 4223 153 4276 in
168 4236 255 4276 rorem
272 4220 464 4275 misericordia
479 4233 528 4273 ror
543 4218 648 4275 borbini
662 4217 807 4274 saluatoris
822 4216 908 4273 illabi·

128 4320 182 4376 tur,
195 4309 240 4363 ubl
263 4307 448 4378 pulclterrimis
458 4307 632 4361 allusionibus
644 4307 728 4361 uirtus
747 4305 805 4374 ejus
833 4313 908 4374 pote·

127 4411 236 4466 trasone
249 4397 417 4450 describitur.
431 4395 530 4462 Quarto
544 4395 639 4450 iterum
658 4396 783 4451 Ecclesia
796 4393 909 4449 catlioli·

129 4505 169 4544 cm
183 4489 252 4543 dicta
280 4486 464 4558 proluuntur,
483 4497 587 4541 etcum
612 4502 707 4556 magua
732 4477 948 4544 exsultatioueD
1000 4445 1074 4500 ¹⁰¹⁸·
1090 4444 1150 4498 Μ

129 4579 278 4635 divinitatis
292 4592 402 4633 munera
421 4592 548 4633 coracessa
563 4578 713 4635 laudantur.

344 4705 347 4712 ·
393 4688 525 4759 Expositis
544 4689 645 4759 psalmi.

165 4803 240 4857 llers.
256 4801 280 4856 l.
306 4802 418 4871 diligam
437 4811 474 4869 te,
494 4801 617 4868 domine,
635 4802 716 4857 uirtus
730 4818 796 4858 ntea.
820 4803 910 4875 Diligit

128 4893 289 4960 llnninurn,
303 4893 348 4959 uiri
363 4892 494 4946 mandatis
508 4891 565 4960 ejus
587 4891 699 4947 devotus
719 4894 906 4964 obtemperat,

128 4987 198 5039 sicut
209 4987 247 5038 ait
260 4984 287 5037 in
308 4984 469 5052 Evangelio:
487 4983 535 5049 Qui
547 4985 618 5037 audit
636 4985 710 5038 oeritu
726 5002 792 5051 meo,
810 4996 833 5041 et
848 4988 909 5057 {orit

127 5091 167 5139 cu,
183 5075 224 5128 tic
237 5076 326 5142 estqui
341 5074 424 5145 diligit
440 5089 479 5128 mc
490 5075 581 5136 (ioan.
597 5091 651 5140 ιιι,
666 5075 723 5146 ill.
743 5075 827 5147 Diligo
838 5079 909 5133 enim

127 5165 241 5231 dicitur,
256 5165 331 5235 quasi
346 5165 379 5219 dc
396 5165 520 5219 omuibus
543 5167 622 5234 eligo.
639 5168 671 5220 Et
687 5168 826 5222 considera
841 5181 909 5237 quo·

127 5257 198 5314 iriam
213 5259 386 5314 baeedilectio
404 5259 444 5314 sic
458 5258 490 5314 dc
502 5259 589 5314 iuturo
604 5259 777 5326 promittitur,
790 5269 819 5314 ut
837 5277 905 5316 nun·

126 5361 206 5418 quarn
217 5358 305 5403 tannen
319 5349 448 5404 deiecisse
461 5348 588 5402 rideatur.
602 5347 688 5402 Virtus
698 5365 763 5403 urea.
774 5347 906 5418 Proplrota

127 5436 255 5495 liberatus
268 5439 301 5494 ab
317 5440 437 5494 hostibus
450 5438 507 5494 suis
522 5447 593 5493 recte
608 5438 748 5493 Dorrriunm
763 5439 907 5495 confitetur

127 5545 204 5587 suant
215 5545 274 5585 esse
287 5534 424 5596 uirtutem,
439 5546 491 5599 ortu
504 5530 619 5585 donante
634 5530 732 5587 lactum
747 5541 797 5596 est,
813 5540 841 5585 nt
855 5530 907 5586 ini·

128 5621 205 5679 unicis
223 5625 276 5680 suis
292 5621 384 5679 sortior
397 5632 545 5695 appareret.
570 5624 616 5681 llic
630 5623 786 5679 duodecima
802 5625 908 5694 species

961 3445 1117 3512 uerborum
1132 3459 1210 3515 supra
1225 3445 1295 3500 eninr
1311 3445 1404 3500 eodem
1419 3444 1550 3499 uocabulo
1567 3444 1741 3514 nuncuparit,

960 3551 1039 3607 quern
1055 3537 1098 3590 bic
1111 3540 1207 3593 lterum
1222 3537 1341 3592 nominat
1355 3537 1513 3605 adiutorem.

995 3627 1075 3683 Vers.
1087 3627 1114 3682 d.
1127 3627 1248 3683 Laudatas
1260 3628 1380 3681 iuuoeulo
1392 3626 1540 3691 lloort'num,
1553 3634 1576 3679 et
1589 3623 1621 3679 ul
1635 3624 1745 3678 inimicis

960 3718 1022 3772 areis
1035 3717 1122 3772 sulvus
1141 3734 1194 3771 ero.
1209 3717 1272 3771 Post
1293 3717 1406 3771 uirtutes
1425 3726 1562 3786 peractas,
1577 3716 1617 3768 rit
1636 3725 1745 3769 sanctus

959 3808 1033 3863 nulla
1048 3823 1078 3864 se
1089 3808 1205 3864 elatione
1224 3806 1350 3876 jacuerim
1363 3808 1409 3862 sed
1421 3805 1483 3876 utria
1498 3813 1556 3860 erat
1574 3817 1662 3860 rerunt
1674 3805 1744 3872 ipsa·

959 3912 1018 3952 tutu
1035 3896 1169 3952 hilaritate
1178 3896 1356 3967 gaudendum,
1372 3896 1482 3949 laudons
1495 3909 1524 3949 se
1534 3893 1605 3948 dixit
1625 3901 1743 3947 tnuocurc

960 3987 1109 4054 dominatu,
1124 3997 1151 4046 et
1163 3990 1211 4059 ipsi
1225 3991 1350 4043 uniuersa
1365 3987 1490 4051 tribuere,
1507 3987 1552 4056 qni
1563 3985 1688 4056 diguatus
1702 3994 1745 4040 est

959 4090 1055 4135 curiora
1076 4088 1212 4148 praestare.
1224 4079 1257 4132 tit
1279 4079 1338 4132 ideo
1350 4091 1380 4131 se
1393 4075 1457 4130 dicit
1468 4074 1499 4127 ab
1521 4075 1631 4130 inimicis
1646 4075 1744 4129 salsam

960 4172 1123 4235 laciendum,
1137 4171 1198 4240 quia
1213 4170 1349 4224 uictoriam
1373 4183 1448 4224 suam
1464 4181 1517 4221 non
1540 4167 1590 4221 sibi
1605 4168 1745 4223 uidebatur

960 4265 1174 4336 applicassent
1185 4265 1307 4318 llomiuo.
1317 4262 1381 4317 Nam
1392 4261 1435 4334 qui
1446 4263 1522 4318 aliter
1531 4260 1681 4327 iacit,ritiis
1689 4261 1745 4314 suis

961 4355 1080 4424 captiuus
1093 4354 1222 4419 redditur,
1231 4355 1351 4423 quamvis
1362 4355 1453 4409 nostes
1461 4368 1602 4423 superasse
1610 4352 1743 4408 rideatur.

1154 4444 1359 4498 ircumdederurrt
1370 4461 1410 4498 me
1424 4447 1529 4516 gemitus
1544 4445 1642 4508 mortis,
1656 4454 1680 4498 et
1691 4453 1746 4497 tor·

960 4547 1043 4591 rentes
1062 4536 1203 4605 iniqnitatis
1221 4537 1432 4589 corrturbnoerunt
1447 4552 1496 4590 rue.
1515 4536 1578 4590 Post
1591 4535 1746 4590 exsultatio·

964 4640 1024 4682 nem
1040 4626 1193 4696 prophetae,
1208 4641 1286 4695 uuam
1301 4636 1394 4680 sancta
1416 4627 1513 4694 pietate
1527 4626 1659 4695 concepit,
1680 4640 1745 4680 ren·

962 4729 1017 4775 tunr
1043 4725 1085 4773 est
1108 4719 1141 4772 ad
1163 4719 1283 4774 ordinem
1310 4719 1466 4782 secundum,
1490 4718 1533 4772 nbi
1554 4732 1603 4787 pro
1625 4717 1745 4774 cladibus

960 4807 1066 4879 generis
1086 4808 1215 4872 humaui,
1231 4823 1291 4878 qriae
1304 4817 1366 4864 aute
1386 4812 1529 4864 artnentum
1545 4809 1649 4864 liomini
1670 4823 1745 4879 gras-

961 4901 1099 4966 sabantur,
1113 4898 1262 4956 introducta
1276 4916 1327 4954 una
1338 4916 1451 4971 persona
1461 4901 1605 4971 pistorum,
1617 4916 1684 4971 quos
1697 4901 1744 4956 illo

961 4999 1081 5059 tempore
1102 4989 1185 5046 luisse
1208 5007 1261 5045 nou
1285 4993 1394 5045 dubium
1421 5002 1479 5056 cst,
1504 4992 1562 5061 pius
1587 4992 1746 5060 deprecator

959 5093 1063 5139 exorat.
1086 5083 1151 5136 llam
1167 5084 1263 5138 merito
1275 5083 1362 5147 justus
1378 5083 1428 5138 iste
1450 5084 1641 5138 circumdatum
1656 5098 1686 5137 se
1699 5098 1746 5152 gc-

960 5173 1069 5228 mitibns
1092 5174 1238 5234 asserebat,
1261 5173 1322 5242 quia
1349 5173 1412 5228 dum
1437 5186 1509 5230 esset
1526 5171 1745 5244 superstitionum

960 5266 1101 5321 innumera
1123 5266 1276 5331 multitudo,
1300 5267 1414 5322 itdclinm
1430 5278 1489 5323 erat
1508 5284 1566 5324 rara
1581 5266 1699 5322 deuotio.
1714 5267 1748 5322 Et

961 5371 995 5411 ue
1010 5366 1116 5425 portares
1129 5360 1236 5425 gemitus
1250 5356 1284 5414 de
1302 5358 1406 5429 jactura
1428 5358 1578 5424 lacrrltatis,
1592 5365 1638 5413 aut
1660 5357 1695 5412 de
1715 5371 1748 5412 re

963 5445 1146 5516 lnrjuscemodi
1160 5461 1220 5502 esse
1241 5450 1373 5517 prolusos.
1388 5449 1490 5504 addidit
1500 5451 1607 5512 mortis,·
1623 5447 1685 5514 unia
1700 5461 1748 5502 re·

962 5551 1025 5591 sera
1037 5550 1109 5591 mors
1119 5546 1187 5603 crat,
1202 5538 1246 5593 ubi
1257 5538 1356 5594 diaboli
1373 5554 1450 5608 posse
1463 5540 1597 5608 regnabat.
1612 5537 1748 5593 Torreirtes

963 5635 1051 5682 autem
1067 5641 1137 5697 sepe
1152 5627 1267 5685 diximus
1287 5630 1383 5686 llurios
1403 5645 1462 5687 csse
1483 5629 1602 5686 bibernis
1618 5630 1748 5686 imbribus
