3794 6128
122 252 177 340 sto
591 244 770 342 surosrrm
789 285 821 340 tn
843 282 1073 344 asserentum.
1096 283 1191 340 rste.
1213 281 1296 341 unte
1706 282 1763 338 sto

122 399 247 453 suisnsut
264 397 388 452 siulelicet
410 397 481 453 illam
504 413 562 467 quum
576 398 728 455 sulstntutes
751 400 833 469 ipsius
853 414 919 469 pura
934 403 958 463 Α
971 399 1075 453 reulultta
1092 409 1131 452 est
1146 398 1232 454 orodis
1243 399 1367 452 otnnibus
1381 399 1480 456 aliena.
1495 399 1629 471 Sequitur,
1646 414 1762 452 neocos-

122 491 277 547 inteutioue
290 489 412 544 taetebat.
433 489 544 558 Dignum
558 505 622 558 ergo
636 490 723 545 luitut
738 500 812 546 tussto
833 505 922 546 susce·
973 489 1071 543 circuisti
1093 503 1131 543 nac
1156 495 1182 542 tu
1207 505 1296 542 nauum
1320 489 1427 543 inimici.
1454 489 1513 560 lpse
1538 490 1762 553 cratpreccssitas

122 582 198 655 perui
224 580 287 635 talis
313 580 534 633 commendaretur
559 581 673 647 spiritus.
700 579 869 649 Redemptum
893 597 923 637 se
973 593 1051 649 quam
1076 580 1197 649 superius
1217 579 1293 647 dixit,
1315 580 1337 635 si
1359 581 1484 649 potestati
1503 581 1640 637 diabolice
1659 581 1763 639 delictis

122 671 226 726 slein'de
249 685 312 725 esse
337 670 505 724 testificatur.
523 668 575 724 Sed
596 669 733 724 uiuleamas
751 687 803 738 prro
817 671 923 739 pretioi
975 668 1123 724 traderetur
1133 671 1274 726 obnoxius.
1288 668 1407 725 conclusi
1418 681 1477 725 satu
1488 672 1558 727 euim
1569 671 1644 742 epitasi
1655 684 1764 727 carcere

124 763 175 820 illo
188 765 296 820 scilieet
308 777 361 832 spuo
376 762 520 830 Apostolus
542 761 606 816 dicit
623 779 629 815 :
644 762 816 832 Scrtrctipsuns
835 763 924 816 cuinu-
974 762 1082 830 poettali,
1098 763 1141 830 qui
1162 762 1231 815 illio
1250 763 1389 818 saevissimi
1402 764 1695 820 manibttsambiuntur.
1708 765 1763 820 tlcc

124 855 190 908 scirit
216 857 328 924 sermm
350 852 416 906 semi
443 852 570 919 accipiens
591 849 702 921 ll’bib'p.
730 867 764 916 n,
788 852 827 920 7).
843 850 924 906 Vides
974 855 1122 908 conclusisti
1140 870 1203 924 crgo
1224 855 1299 923 dicit,
1316 856 1377 927 quia
1399 856 1465 911 liber
1485 856 1594 912 effectus
1608 867 1648 913 est
1661 873 1675 911 a
1690 864 1763 928 pote·

123 959 208 1016 qrrssn
234 958 359 1013 sutagnuus
385 942 499 1012 pretium
523 940 588 1007 lusit,
603 949 632 994 ut
656 939 825 1010 tuajestutetn
846 956 923 994 suurn
975 952 1044 999 state
1057 944 1167 1011 diaboli,
1181 945 1250 999 sieut
1264 947 1319 1014 ipse
1333 945 1359 999 iu
1375 946 1519 1018 Evangelio
1533 947 1590 1002 ait:
1608 947 1672 1003 cccc
1684 948 1764 1002 ocuict

124 1054 214 1108 ιιψιο
228 1039 262 1090 ad
283 1050 391 1091 carnem
418 1033 535 1088 botruiuis
559 1032 712 1097 inclinaret,
727 1046 811 1101 seque
832 1032 924 1087 asina·
975 1035 1092 1101 prinecps
1107 1035 1196 1090 usundi
1210 1035 1299 1106 liujus,
1314 1047 1338 1091 ct
1353 1036 1379 1090 iu
1392 1051 1430 1090 nse
1443 1051 1493 1091 nou
1507 1038 1614 1092 inueniet
1626 1037 1763 1109 umbertum

125 1129 206 1189 sirit,
224 1135 254 1181 at
266 1125 421 1181 coelestibus
433 1124 548 1176 ltutnanu
563 1121 718 1190 compleret.
736 1120 788 1176 Sed
805 1129 834 1175 ut
844 1122 923 1175 istum

126 1222 275 1278 bourinum
297 1218 437 1273 crideuter
457 1217 625 1281 adverteres,
649 1214 752 1270 addidit
766 1215 825 1284 ursis
840 1223 923 1283 esset,

126 1313 154 1367 iul
169 1319 224 1375 et,
242 1309 311 1363 Deus
334 1307 457 1363 raritatis.
482 1306 587 1360 illorum
602 1303 673 1359 cuiun
689 1303 841 1373 speeiuliter
854 1303 925 1358 Deus

126 1415 170 1458 est
197 1403 246 1472 quui
270 1400 410 1455 rerintem
432 1399 555 1469 diligunt,
578 1410 629 1452 nec
649 1398 676 1451 in
697 1396 785 1466 aliqua
809 1395 925 1451 lalsitate

128 1497 292 1552 miscentur.

166 1585 246 1641 bers.
259 1587 287 1638 i.
306 1584 390 1639 batert
407 1599 493 1637 cutum
513 1582 672 1636 observantes
686 1581 824 1634 uanitatem
837 1596 925 1650 supet·

126 1695 230 1734 sscsc:
244 1695 291 1751 epo
303 1689 387 1731 uutcus
404 1677 431 1730 iu
447 1673 556 1730 Domino
571 1676 689 1743 sperabo.
710 1673 755 1728 llla
780 1673 926 1728 reciduntur

128 1786 241 1840 muster
252 1771 357 1836 odiosa,
378 1784 437 1839 qum
454 1767 599 1837 probantur
612 1781 671 1822 esse
691 1766 834 1820 contraria.
851 1765 924 1821 iuste
941 1758 964 1817 tt

126 1876 193 1932 erma
207 1860 310 1915 sernas
323 1859 413 1913 oderat
424 1859 571 1918 acuitatem,
583 1857 643 1926 quia
655 1857 754 1911 acuitas
770 1860 795 1910 iu
810 1855 925 1912 falsitate

126 1961 264 2008 seusatus.
280 1950 330 2005 Cui
346 1949 383 2004 rei
414 1950 470 2018 ipse
485 1947 578 2002 tribuit
600 1948 795 2016 expositionem
816 1947 924 2014 dicens,

126 2046 288 2116 sspcnucsc
298 2057 310 2108 ,·
320 2057 379 2112 qnae
402 2056 455 2095 nott
470 2040 556 2094 sulum
569 2054 662 2103 sacua,
674 2040 721 2093 seul
735 2040 816 2094 etiam
832 2054 923 2108 super·

128 2151 210 2190 urse
223 2134 296 2188 dicta
316 2140 372 2198 est;
388 2131 620 2202 merito,qnando
639 2132 802 2186 fructuosam
824 2129 923 2186 intelli·
977 2171 984 2185 .

126 2227 249 2296 gentiam
264 2225 380 2290 tullens,
391 2224 489 2279 alienat
509 2236 524 2276 a
541 2222 663 2278 bomine.
683 2222 717 2277 Et
730 2222 835 2293 quraudo
851 2221 925 2292 prius

128 2321 197 2377 elisit
212 2321 356 2374 Dominum
377 2319 462 2372 odisse
473 2317 621 2381 ouuitutcrn,
636 2317 726 2379 idest,
743 2315 834 2370 sacculi
848 2314 925 2372 istius

129 2411 266 2467 duider‘sa
289 2411 444 2473 transituro,
459 2423 529 2461 nuuc
549 2407 654 2461 sedicit
671 2423 761 2461 irritare
775 2406 924 2462 uerissima.

129 2504 196 2573 Quae
220 2513 284 2558 suut
309 2504 359 2557 ista
381 2499 540 2554 verissima?
555 2498 669 2567 Spcrubo
691 2501 718 2552 in
737 2497 924 2552 bominotubi

130 2600 317 2663 stiltilsannm,
333 2597 397 2650 nibil
412 2608 604 2663 supervacuum
616 2602 667 2657 est,
681 2593 727 2647 sed
744 2601 827 2647 totum
843 2591 924 2644 buum

130 2703 212 2763 atque
227 2693 360 2760 inegram
386 2696 550 2756 perseuerat.
571 2687 667 2741 Verum
691 2684 771 2748 istam
786 2699 842 2739 rent
865 2699 925 2753 qtae

131 2795 211 2838 eausa
227 2795 280 2836 cors
296 2781 423 2849 eqtrituri

167 2871 247 2927 bers.
262 2870 289 2925 8.
306 2868 447 2922 Exsultubo
467 2876 490 2921 ct
505 2866 609 2921 luctabor
628 2866 654 2919 iu
675 2875 719 2919 tutu
733 2864 924 2928 misericordia,

132 2965 192 3034 μία
202 2963 338 3032 respexisti
352 2959 521 3013 brurur'lituteus
535 2975 626 3013 ancum.
642 2959 669 3012 lu
686 2958 737 3012 boc
750 2967 776 3012 ct
792 2958 923 3022 snprrinrt

132 3072 237 3126 tenu,
264 3058 359 3113 iterum
387 3056 550 3125 categoricus
575 3053 746 3125 syllogismus
774 3051 923 3113 enascitur,

133 3149 410 3223 enimtestamento
434 3159 574 3217 partesque
596 3146 622 3200 iu
642 3145 728 3214 primo
749 3142 852 3213 psalruo
868 3127 961 3212 junuC

135 3244 262 3310 diximus,
278 3241 323 3312 quui
335 3240 414 3295 eiuro
436 3240 486 3295 hoc
500 3239 557 3294 locu
568 3239 646 3293 siruul
663 3239 766 3292 ratione
779 3235 925 3306 colligitur,

136 3333 160 3391 tt
174 3342 227 3398 cst,
243 3348 294 3402 ego
308 3333 334 3385 iu
351 3331 462 3386 Domino
476 3331 593 3401 sperari.
604 3330 696 3385 Ortruis
712 3341 823 3398 speruus
837 3329 862 3381 in
875 3327 926 3381 llo·

137 3426 210 3480 utine
229 3423 386 3487 exsultabit,
412 3431 439 3477 et
456 3423 588 3476 letabitur
604 3423 629 3475 in
652 3418 835 3475 misericordia
857 3417 924 3486 ejus.

138 3517 193 3588 Ego
205 3519 288 3587 igitur
300 3516 450 3582 exsultabo,
461 3525 487 3571 et
501 3515 612 3570 laetabor
624 3515 650 3569 in
663 3514 737 3569 turiseo
745 3513 842 3569 icordia
857 3513 924 3582 ejus.

138 3610 281 3667 totenrou
296 3611 375 3681 plane
385 3609 489 3665 dicendi
501 3622 586 3679 genus
599 3608 625 3663 in
635 3606 765 3662 breuitate
775 3606 926 3676 complecti,

138 3705 205 3774 qnod
221 3704 294 3758 nulla
318 3705 402 3769 possit
415 3701 576 3757 adversitate
597 3700 722 3769 dirumpi.
738 3698 813 3753 liure
832 3697 928 3767 psalmi

976 1123 1066 1195 (boun.
1083 1142 1137 1188 xta,
1152 1127 1209 1199 50).

1013 1264 1089 1321 llers.
1113 1267 1157 1324 lb.
1180 1267 1301 1323 Statuisti
1322 1268 1349 1321 iu
1369 1269 1423 1324 icco
1443 1271 1555 1341 spatioso
1576 1272 1651 1338 pedes
1669 1285 1739 1331 mcor,
1754 1267 1776 1326 τ’

976 1358 1094 1414 ιιιὶιιιιιο
1108 1360 1167 1425 oet,
1184 1353 1304 1427 Domine,
1319 1362 1441 1431 quonium
1455 1361 1573 1416 tributor.
1591 1361 1654 1417 Post
1670 1357 1764 1416 libera·

977 1449 1058 1505 tionis
1069 1465 1125 1506 suae
1135 1452 1276 1506 decursam
1288 1453 1503 1519 exsultationem,
1514 1455 1547 1507 ad
1560 1452 1706 1510 secuudum
1719 1469 1764 1508 ue·

977 1540 1016 1594 uit
1037 1540 1185 1610 inpressum
1199 1556 1208 1596 s
1223 1539 1267 1596 ubi
1283 1540 1316 1597 da
1335 1542 1460 1612 pasione
1481 1559 1528 1599 sua
1544 1544 1626 1599 mults
1645 1542 1764 1600 dicturus

975 1639 1029 1695 est,
1039 1641 1133 1685 utearn
1143 1629 1273 1698 lteuuenti
1288 1632 1417 1686 memoria
1429 1633 1763 1701 piissimuscmurnoneret,

977 1734 1054 1787 quiam
1071 1733 1119 1788 pro
1139 1720 1258 1775 omnium
1280 1721 1366 1775 salute
1388 1723 1516 1788 suscepit.
1541 1723 1673 1787 statuisti,
1689 1724 1764 1787 dicit,

978 1811 1028 1865 boc
1041 1820 1082 1865 est
1093 1813 1203 1865 lirntasti
1217 1829 1225 1876 ;
1240 1812 1301 1881 quia
1317 1814 1418 1882 lapsum
1432 1812 1566 1868 sustinere
1581 1828 1633 1868 oron
1650 1823 1762 1881 poterat,

976 1902 1021 1970 qui
1036 1903 1127 1957 uuum
1143 1903 1205 1958 titia
1222 1918 1273 1957 aron
1291 1903 1413 1958 lubebat.
1428 1901 1461 1957 ln
1477 1903 1533 1957 loco
1545 1906 1668 1973 spetiosa,
1684 1904 1710 1959 tt
1723 1913 1764 1959 el

976 1991 1061 2048 libero
1081 2004 1109 2046 et
1130 2007 1144 2045 a
1168 2002 1297 2056 uuuuestute
1320 1993 1417 2050 diaboii
1440 2007 1547 2063 semper
1568 2002 1689 2062 orer-pto.
1706 1992 1764 2063 lpse

976 2081 1048 2137 eruim
1063 2080 1134 2136 libor
1147 2084 1217 2137 locus
1236 2093 1278 2136 est
1294 2099 1372 2151 quem
1394 2083 1480 2139 bostis
1504 2083 1549 2138 ille
1572 2098 1624 2137 rron
1650 2085 1762 2147 insidet:

975 2188 1034 2242 tpse
1045 2176 1172 2242 spatiosus
1183 2189 1262 2245 quaem
1276 2175 1321 2230 ille
1333 2190 1385 2230 non
1399 2186 1521 2243 occupat.
1538 2175 1570 2231 Et
1583 2174 1690 2232 intende
1702 2177 1763 2244 uuis

976 2277 1029 2317 non
1044 2263 1111 2318 dixit
1124 2266 1149 2318 iu
1164 2264 1215 2326 uia,
1231 2265 1277 2319 sed
1293 2266 1318 2318 tu
1334 2267 1390 2321 loco
1404 2254 1527 2336 spatiolo,
1544 2267 1569 2322 id
1584 2280 1625 2322 est
1640 2270 1665 2322 in
1680 2268 1763 2335 putria

976 2351 1113 2418 virtutum,
1139 2355 1166 2408 in
1192 2355 1304 2424 regione
1327 2355 1481 2423 bertramum
1507 2358 1546 2410 ria
1570 2358 1641 2414 enim
1669 2361 1762 2429 legitur

975 2452 1086 2511 atrgusta
1107 2443 1251 2513 justorum.
1276 2445 1359 2500 Pedes
1379 2461 1469 2501 autem
1489 2461 1550 2501 suos
1572 2447 1635 2502 dicit
1653 2453 1721 2502 virtu
1734 2466 1762 2505 cs

977 2538 1102 2602 moratos,
1116 2552 1163 2607 per
1178 2551 1244 2607 quas
1259 2538 1329 2593 bunc
1343 2539 1470 2594 tttuuulum
1484 2539 1542 2594 lixis
1556 2541 1694 2612 gressibus
1707 2557 1762 2596 am-

976 2629 1090 2696 bularit,
1102 2644 1168 2699 quos
1179 2629 1278 2685 diaboii
1291 2631 1438 2687 adversitas
1453 2633 1584 2703 impedire
1597 2649 1649 2688 non
1666 2637 1762 2699 potuit.

976 2719 1029 2776 Sea
1043 2721 1164 2788 ‹puauruts
1180 2720 1306 2775 murrdurn
1323 2721 1519 2791 inculpabiliter
1538 2724 1696 2792 utrubulsret,
1714 2742 1762 2779 ne·

894 2812 896 2818 '
975 2816 1122 2869 cessarium
1145 2812 1195 2868 brit
1219 2822 1246 2867 ut
1270 2813 1328 2882 ejus
1352 2815 1551 2869 iulscuuitatibus
1569 2816 1658 2870 diuina
1678 2818 1763 2887 gratia

917 2956 923 2968 ,
975 2903 1146 2972 subueniret,
1169 2918 1203 2959 ne
1224 2904 1359 2960 imbecilla
1383 2918 1446 2958 earo
1465 2918 1480 2957 a
1498 2906 1617 2960 etelestis
1634 2907 1763 2976 propositi

976 2996 1130 3068 integritate
1149 2993 1312 3051 discederet..
1332 2994 1393 3051 ideo
1412 2994 1545 3065 sequitur,
1560 2997 1680 3051 urisercrc
1700 2998 1760 3065 mci,

977 3084 1231 3161 brissinensionicnr
1246 3085 1363 3139 tribulor.
1379 3085 1447 3156 Lege
1462 3086 1531 3140 eninr
1546 3086 1654 3142 bumasti
1668 3102 1762 3158 corpo

976 3178 1016 3233 ris
1040 3177 1203 3233 tribulationi
1222 3191 1278 3232 suat
1302 3177 1418 3247 postulat
1438 3179 1583 3247 subreniri,
1599 3179 1668 3234 sieut
1687 3192 1714 3235 et
1735 3181 1762 3235 in

977 3267 1122 3338 Evangelio
1137 3268 1198 3323 dicit
1211 3287 1218 3323 s
1234 3267 1326 3321 Tristis
1340 3278 1376 3323 cst
1389 3268 1475 3322 enimn
1489 3285 1544 3323 utcu
1556 3286 1634 3340 usquc
1646 3275 1680 3324 ud
1693 3287 1763 3326 tuot·

977 3368 1026 3412 tcrn
1038 3357 1144 3428 (lluttb.
1162 3375 1234 3424 sstt,
1248 3359 1305 3429 58),
1321 3371 1348 3414 et
1362 3359 1403 3415 bis
1414 3360 1522 3415 similia.
1537 3362 1599 3416 Sive
1612 3363 1688 3432 putes
1701 3378 1763 3417 suos

977 3452 1113 3520 aposolus
1137 3451 1210 3511 dicit,
1226 3452 1271 3521 uui
1286 3453 1312 3505 iu
1332 3453 1387 3506 loca
1406 3453 1529 3522 spatioso,
1544 3453 1570 3507 id
1585 3463 1625 3508 cst
1640 3469 1687 3523 per
1701 3459 1761 3510 urti-

979 3545 1109 3600 rersaletu
1131 3544 1278 3601 Ecclesiam
1298 3545 1446 3599 certissima
1464 3545 1607 3601 stabilitate
1627 3546 1687 3602 bulci
1701 3562 1769 3602 eost«

978 3634 1113 3691 stiterunt.

138 3796 216 3850 mu,
240 3802 398 3848 metemus,
424 3793 560 3847 [mpure
581 3800 621 3846 esp
645 3805 705 3845 cum
731 3804 825 3859 magna
847 3786 928 3842 animi
1015 3775 1091 3829 less.
1107 3774 1765 3847 tt.c0uturturuscututrcscansurumuubuu

137 3886 276 3941 obesitate
287 3882 421 3954 gaudem
438 3882 520 3936 icturi
535 3892 576 3937 est
590 3888 734 3950 temperata
750 3878 849 3934 ruesrtis
862 3875 927 3931 alie·
978 3882 1034 3921 Μ
1048 3875 1072 3920 ct
1084 3875 1170 3920 uentu
1183 3881 1264 3921 mets·
1289 3867 1340 3923 Pet
1362 3867 1412 3923 bot
1434 3880 1548 3939 quatuor
1570 3885 1663 3925 tersus
1683 3872 1765 3942 bgurn

137 3978 222 4033 tuone
234 3973 358 4030 mulceri.
371 3972 637 4029 Sedeonsideremus
654 3971 759 4042 quoties
773 3981 928 4025 commone·
979 3966 1125 4047 diatyposis
1146 3975 1204 4031 est,
1226 3981 1287 4038 que
1310 3967 1403 4023 Latine
1426 3968 1563 4038 expressio
1586 3968 1682 4025 dicitur
1699 3986 1707 4023 τ
1723 3971 1769 4027 abi

136 4081 194 4120 uss
212 4064 240 4120 iu
263 4063 388 4119 humanis
400 4062 501 4119 viribus
516 4063 626 4118 unissime
648 4061 847 4117 contuendum.
863 4060 927 4117 llam
980 4062 1059 4116 rebus
1074 4060 1230 4130 personisve
1243 4059 1381 4128 euthicetis,
1395 4070 1422 4116 et
1437 4060 1530 4114 lormae
1545 4061 1609 4128 ipsas
1622 4070 1649 4115 et
1662 4061 1769 4117 ltabitus

136 4155 374 4230 quemadmodum,
388 4164 507 4225 utsupra
518 4155 618 4210 dictum
630 4164 681 4221 est,
697 4155 835 4225 quisquam
851 4154 884 4210 dc
899 4171 929 4211 se
979 4155 1175 4224 exprrimuutur.
1201 4153 1293 4223 tucipit
1318 4154 1388 4208 enim
1411 4152 1564 4209 describere
1586 4156 1671 4224 qualis
1690 4158 1767 4213 luerit

135 4250 231 4306 beben
260 4263 434 4317 praesumere,
458 4248 529 4303 uude
547 4259 639 4303 sancta
663 4248 811 4304 irtcurnatio
834 4248 931 4317 legitur
979 4247 1089 4319 periculi
1103 4247 1267 4318 magnitudo.
1283 4248 1322 4302 bc
1335 4246 1356 4300 si
1372 4245 1470 4300 diceret
1488 4245 1641 4302 :Coniursus
1655 4259 1695 4302 cst
1707 4249 1766 4303 ani·

135 4342 288 4398 sbstinerei
301 4342 469 4411 Quapropter
479 4339 641 4396 exsecranda
653 4351 694 4396 est
705 4340 856 4411 Pelagiance
873 4355 931 4410 pra·
980 4353 1039 4392 mas
1056 4357 1071 4389 u
1082 4352 1141 4404 ens,
1157 4351 1216 4392 cnm
1238 4352 1281 4392 me
1304 4337 1501 4406 iuscrptentium
1523 4337 1597 4393 lutor
1619 4348 1766 4410 appeteret.

136 4435 225 4490 sitatis
249 4433 372 4498 intentio,
395 4433 458 4488 dum
480 4433 929 4504 illstertatprasumeretpttteco·
982 4427 1052 4482 irum
1076 4427 1207 4498 siquidem
1236 4428 1324 4498 posuit
1352 4429 1520 4483 inimicorum
1550 4429 1769 4500 indignationem.

136 4540 269 4595 poscere
281 4524 374 4579 debuit
393 4524 520 4593 Spiritum
537 4525 760 4579 sanetum'toies
775 4537 836 4579 ante
856 4523 931 4579 dam·
945 4510 969 4570 D
984 4519 1081 4574 Oculus
1102 4530 1190 4574 autem
1212 4519 1376 4575 intellectum
1402 4519 1544 4591 siguificat,
1566 4536 1645 4586 noem
1665 4538 1770 4592 seraper

138 4631 221 4673 rasse.
249 4614 421 4679 lmendamus
440 4615 521 4671 etiam
540 4615 584 4685 qui
603 4614 669 4670 dieit
689 4615 858 4671 bumilitatem
873 4615 928 4688 99

137 4724 207 4765 susas
229 4709 315 4780 [sisse
336 4720 491 4778 respectum
504 4707 549 4763 ille
561 4706 684 4764 uidelicet
696 4708 741 4778 qui
763 4707 859 4763 coelum
875 4718 928 4763 ter·

138 4816 248 4873 rasoque
258 4808 287 4854 et
296 4801 399 4854 crearit
410 4812 436 4856 et
448 4801 577 4867 contium,
593 4801 635 4856 cui
649 4807 794 4871 potestates
805 4814 928 4868 supernae

137 4894 267 4950 mutuat.
285 4890 340 4946 Sed
355 4891 414 4947 ideo
433 4902 490 4947 erat
511 4893 536 4947 in
552 4892 688 4947 bltissimo
703 4889 853 4955 humilitas,
869 4890 931 4956 unia

138 4986 173 5042 lib
188 4995 218 5043 et
232 4986 390 5042 bumaruitas
410 4986 540 5042 ueraciter
562 4985 716 5042 adherebat
739 4986 773 5039 ab
793 4985 848 5054 ipss
867 4999 931 5038 coss-

138 5077 260 5146 oeptione
275 5075 406 5142 perlecta.

170 5167 252 5224 iera.
271 5167 298 5223 u.
327 5165 431 5221 Sulcum
451 5167 534 5237 fecisti
553 5167 584 5220 dc
606 5166 798 5220 necessitutibus
818 5165 931 5218 uuinsom

136 5275 230 5323 m,
243 5273 291 5311 racc
303 5258 452 5310 conclusisti
464 5272 503 5312 nte
514 5258 540 5310 in
553 5272 645 5311 uacuus
660 5258 766 5310 inimici.
781 5255 930 5311 Necessitas

137 5351 235 5406 stetur
249 5347 287 5402 ab
298 5360 331 5401 eo
345 5346 415 5416 quod
433 5347 458 5400 iu
475 5361 540 5401 nece
550 5348 584 5402 sit
596 5347 691 5415 possita,
704 5346 729 5402 id
742 5356 783 5401 est
794 5346 821 5401 iu
837 5347 931 5401 mortis

138 5440 268 5509 assastiis
280 5440 436 5493 constituta.
449 5438 515 5492 Num
529 5440 634 5507 ernaudo
645 5449 814 5508 peccaturum
830 5437 932 5509 laqueis

138 5531 312 5594 tremamus,
325 5541 374 5583 uec
388 5528 422 5584 ab
433 5528 472 5584 eis
487 5543 629 5599 possuruus
642 5541 732 5583 nostra
744 5530 840 5584 uirtute
853 5528 930 5594 solui,

137 5621 288 5679 necessitas
303 5620 461 5689 appellatur.
478 5621 549 5692 Ergo
568 5631 630 5678 turrc
650 5623 681 5677 dc
698 5622 887 5677 tuccessitutibus
903 5620 932 5675 li·

137 5714 231 5773 bstats
245 5721 289 5769 sst
303 5711 390 5766 suimus
410 5709 515 5769 llomini
538 5712 695 5774 salvatoris.
712 5727 801 5771 cuma
818 5713 934 5783 peccatis

982 4611 1163 4665 conturbamus
1178 4620 1258 4679 atque
1272 4609 1471 4674 conlrrndimus,
1487 4613 1594 4681 qnando
1609 4613 1771 4670 imminentia

984 4703 1101 4773 pericula
1122 4702 1308 4757 lormidamus.
1327 4701 1420 4757 Venter
1441 4717 1506 4757 uero
1525 4710 1617 4758 noster
1631 4703 1706 4758 aluus
1720 4713 1770 4769 est,

984 4794 1011 4848 iu
1023 4805 1076 4861 qrto
1089 4792 1175 4847 edurlia
1191 4791 1316 4861 degluttita
1339 4791 1523 4859 recondimus,
1539 4795 1582 4862 qui
1596 4804 1657 4861 apte
1672 4809 1774 4848 metuo-

983 4884 1030 4940 rias
1050 4892 1237 4952 comparatur,
1261 4883 1322 4951 qula
1345 4884 1415 4937 sient
1439 4882 1483 4938 ille
1507 4886 1677 4939 transmissas
1697 4898 1772 4939 escas

982 4975 1088 5044 recipit,
1104 4973 1181 5029 sicet
1196 4973 1333 5028 memoriae
1348 4972 1424 5028 sinus
1439 4973 1547 5028 notitias
1563 4989 1651 5030 return
1666 4990 1772 5045 compe·

983 5075 1069 5120 tenter
1083 5064 1206 5119 assumit.
1228 5062 1413 5118 conturbatum
1436 5079 1500 5134 ergo
1522 5065 1586 5121 dicit
1607 5076 1729 5135 uentrem,
1746 5064 1772 5119 iul

983 5164 1025 5211 cst
1046 5156 1202 5210 memoriam
1225 5168 1312 5220 suam,
1333 5157 1377 5210 ubi
1401 5156 1515 5213 babebat
1532 5159 1649 5228 reposita
1661 5173 1719 5228 qum
1736 5157 1772 5211 illi

983 5247 1111 5303 Dominus
1130 5244 1165 5302 tle
1186 5261 1233 5302 sua
1249 5247 1440 5303 cluribeutinue
1458 5247 1627 5316 promiserat.
1646 5247 1698 5302 Sed
1713 5263 1772 5302 cum

984 5341 1087 5397 videret
1111 5356 1175 5397 caro
1201 5341 1251 5398 sibi
1279 5341 1420 5396 imminere
1445 5345 1580 5411 pericula,
1606 5358 1774 5413 rotrsetpuens

984 5433 1033 5490 luit
1052 5448 1111 5488 eam
1134 5432 1309 5501 trepidatione
1330 5434 1441 5487 turbari.
1459 5435 1491 5489 b't
1510 5444 1570 5489 num
1591 5436 1651 5506 quia
1668 5451 1697 5491 se
1712 5452 1774 5492 con·

985 5525 1111 5580 turbatum
1127 5525 1366 5593 irrrqttenterdicit,
1379 5529 1412 5582 de
1428 5543 1535 5596 parasse
1546 5544 1686 5599 nttsqttum.
1698 5531 1776 5596 Quutrd

986 5618 1046 5674 ideo
1061 5619 1095 5672 ab
1111 5618 1168 5687 ipso
1182 5620 1282 5674 dictum
1296 5627 1347 5685 cst,
1364 5632 1392 5674 ut
1408 5623 1484 5679 nobis
1505 5624 1572 5677 bam
1587 5624 1706 5683 iutuitandi
1723 5628 1775 5684 btt-

987 5711 1085 5768 mulam
1103 5709 1227 5784 llapistcr
1241 5713 1358 5769 celestis
1372 5716 1536 5773 ostenderet.
1553 5721 1618 5773 Num
1632 5721 1773 5775 ronturlm-
