3802 6120
95 259 141 315 tat

567 259 796 319 excestriam
819 260 1044 316 natitantem.
1068 260 1164 318 PSdi..
1185 260 1242 317 (IX.

1675 259 1727 324 8οι

94 373 208 430 tstssibi
219 371 315 428 debeat
330 371 497 427 tideiissimos
511 371 646 438 invenire;
664 388 789 442 nonaque
804 374 884 427 moda
900 380 920 431 a
936 383 961 428 et
973 373 1111 445 sanguinis
1125 375 1207 441 sacri,
1221 390 1281 445 qua
1291 383 1335 431 est
1348 374 1420 432 salus
1432 378 1551 448 gentium
1564 389 1590 434 et
1604 377 1730 438 remisso

81 465 213 532 ,assatur
226 463 261 519 de
272 463 416 517 sidia-tinae
427 462 563 534 gaudium,
574 463 607 519 de
622 467 807 529 perseeutione
819 474 885 518 tem·

91 557 179 627 parati
194 563 295 613 eterna
306 556 446 609 securitas.
464 556 496 610 Et
511 571 544 611 ao
560 566 668 624 putores
680 572 728 622 pra
743 564 819 624 parte
833 558 887 611 iara-

91 649 197 712 datum,
211 647 320 721 adjecit,
341 647 368 701 iu
386 664 472 701 ottones
492 647 636 703 uoluntates
659 649 726 717 ejus.
751 649 884 717 Quidquid

88 741 163 799 enim
179 739 253 807 iacit,
268 739 364 795 eximio
377 750 457 810 atque
472 740 777 809 incomprehensibiliter
790 755 886 810 opera·

73 844 148 899 ,tur,
162 836 231 890 sicat
246 832 272 887 in
294 831 391 886 Genesi
408 832 536 899 scriptum
555 839 616 887 est:
632 828 706 884 Fecit
720 829 789 885 Deus
800 816 886 885 amita

92 923 167 979 asida
189 922 256 978 bona
276 920 353 1001 (Gerr.
371 937 389 984 t,
412 922 468 993 51).
488 921 533 987 Sic
551 922 595 976 iila
621 921 825 990 investigabilis,
840 922 885 976 iiia

92 1013 287 1071 inaestimabilis
299 1015 355 1069 iaus
369 1013 419 1069 sub
434 1015 561 1068 breuitate
573 1014 698 1069 corrclasa
713 1021 765 1070 est.

128 1105 208 1165 itera.
232 1107 258 1162 5.
276 1105 327 1170 tte,
344 1105 411 1162 tarn.
437 1105 567 1173 Confessio
579 1115 603 1159 et
615 1106 806 1177 magnificentia
821 1123 886 1176 opor

92 1199 157 1268 sitas,
170 1204 197 1251 et
213 1197 316 1266 justitia
331 1196 386 1265 q'ns
401 1206 483 1249 arartet
504 1196 531 1248 in
545 1196 667 1250 sarratam
687 1197 784 1250 monii.
798 1196 884 1265 Opera

93 1286 137 1342 itta
149 1286 264 1348 Domini,
282 1301 341 1354 qnae
360 1287 484 1354 superins
498 1286 574 1353 dixit,
592 1300 663 1355 natac
677 1287 773 1356 iterum
789 1301 884 1356 qnem-

94 1375 236 1430 admodmu
249 1375 428 1444 intelligamur
441 1377 561 1443 esgnottit.
574 1375 663 1430 uinaria
678 1375 748 1431 etaim
764 1387 791 1431 et
803 1377 886 1432 decor

95 1469 175 1539 (sicut
201 1468 278 1522 Pater
293 1467 469 1537 tttaananus
494 1469 642 1537 transtulit)
665 1477 706 1523 est
729 1485 793 1537 opas
807 1469 884 1539 ejas:

939 476 1120 534 peccatorum.

974 557 1049 611 Voss.
1073 558 1099 612 6.
1116 557 1198 622 Canu,
1221 558 1323 614 Linea.
1347 560 1471 616 Virtutem
1492 578 1598 631 operum
1620 580 1727 620 suoram

935 651 1095 703 astuantiotit
1103 651 1198 719 popaio
1206 668 1261 711 suo.
1274 662 1301 705 ut
1310 652 1351 705 det
1359 654 1591 709 iiiisberoditotem
1601 658 1727 725 pensam.

937 739 985 794 iiic
999 750 1040 796 est
1056 742 1164 811 impleta
1180 745 1323 805 sententia,
1337 761 1397 812 qua
1410 747 1494 802 tribus
1510 749 1630 802 versibus
1640 751 1726 804 coati-

937 839 1026 885 netur.
1044 830 1134 885 Virtus
1147 848 1250 900 operum
1267 834 1324 899 init,
1345 851 1423 903 quara
1439 836 1499 891 dicit
1519 838 1544 891 ia
1562 837 1727 906 Evangelia:

936 921 1111 989 caetitatem,
1125 926 1197 977 sardi
1210 926 1330 990 radiant,
1345 927 1440 992 leprosi
1455 930 1621 992 utuadontar,
1634 931 1728 985 mortui

935 1025 1070 1082 resurgunt
1081 1025 1121 1069 ret
1136 1014 1221 1069 beatus
1235 1018 1278 1085 qai
1293 1033 1343 1070 aaa
1356 1018 1432 1085 [uerit
1447 1019 1636 1074 saattda‘isutus
1650 1022 1675 1074 itt
1688 1037 1728 1076 tus

936 1104 1043 1177 (blattis.
1060 1123 1098 1170 st,
1113 1108 1153 1177 5).
1165 1111 1342 1173 Anniantiatit,
1359 1111 1528 1165 manifestam
1543 1113 1616 1179 teeti,
1629 1117 1729 1184 populo

936 1196 1040 1253 scilicet
1052 1199 1214 1264 Christiano,
1231 1217 1311 1268 qinein
1325 1202 1439 1257 redemit
1451 1204 1582 1274 sanguine
1598 1208 1728 1272 prmissa.

936 1289 990 1343 Sed
1011 1289 1062 1345 hoc
1081 1290 1119 1344 iiii
1136 1291 1281 1360 prnpiaetiae
1294 1294 1387 1359 spirim
1412 1293 1516 1358 dicant,
1532 1295 1576 1364 qui
1601 1307 1664 1350 atate
1677 1297 1727 1350 ati·

936 1390 1045 1434 tentum
1058 1380 1163 1434 Domini
1179 1381 1204 1435 in
1217 1396 1278 1435 enta
1290 1393 1381 1437 sancta
1390 1384 1442 1437 fide
1455 1385 1638 1443 crediderunt.
1651 1386 1729 1440 Dedit

936 1473 1071 1526 aritemeis
1083 1473 1256 1527 amenitatem
1266 1476 1387 1550 petatium,
1402 1476 1509 1544 qttando
1521 1478 1665 1533 Ecclesiam
1683 1493 1728 1535 ea-

95 1563 219 1633 qaouiam
232 1571 258 1616 et
274 1563 316 1615 latr
329 1561 414 1616 tabiiia
427 1571 489 1616 sunt
507 1563 597 1629 nimis,
612 1573 638 1617 et
653 1563 751 1617 decora
771 1577 831 1633 que
847 1563 887 1618 ia·
916 1540 1064 1617 'titoliaam
1083 1565 1116 1616 de
1129 1564 1231 1617 cantastis
1246 1564 1401 1619 stationibus
1416 1567 1483 1620 siais
1497 1568 1631 1635 tapnttaas
1646 1568 1729 1624 satiri-

95 1655 139 1709 rit.
150 1653 350 1709 Disimnsenitu
361 1651 626 1720 Confessionemiiiaut
638 1653 680 1708 irie
690 1652 884 1721 accipientiam,
937 1657 1016 1712 ertit.
1038 1654 1094 1724 ipsa
1109 1667 1149 1710 est
1164 1656 1299 1711 baereditas
1315 1673 1373 1726 quae
1390 1661 1519 1727 pranassa
1534 1672 1576 1715 eu
1592 1663 1727 1720 attenues

96 1759 153 1814 quc
170 1743 260 1797 mritis
283 1743 488 1809 preconantibus
513 1744 671 1813 erpticatur.
698 1740 838 1814 Sequitur,
861 1755 884 1800 et
901 1746 1116 1819 gitatrtptteatn
1135 1748 1473 1813 semutaamsieaatsteitas
1486 1751 1541 1804 creti
1556 1761 1578 1804 et
1592 1754 1658 1806 sieut
1671 1770 1730 1808 are-

95 1834 194 1906 jastitia
217 1838 273 1906 ejas
289 1844 371 1888 tarraet
386 1836 411 1887 iu
428 1834 549 1889 seratam
574 1837 669 1889 secuti.
696 1835 743 1890 ttie
754 1838 884 1907 justitiam
936 1853 996 1890 nom
1007 1854 1065 1907 qaae
1078 1848 1115 1892 est
1133 1839 1166 1890 ad
1180 1854 1252 1891 orout
1266 1838 1434 1909 maris-(Gen.
1453 1856 1518 1906 sxtt,
1535 1843 1590 1911 Π).
1616 1846 1729 1912 Aperuit

98 1924 210 1989 liparim,
226 1924 385 1980 teutoniam
399 1924 478 1980 iuturi
487 1925 579 1996 judicii
592 1926 720 1980 debemus
734 1928 885 1992 advertere,
936 1930 1007 1986 enim
1023 1943 1129 1984 causam
1145 1947 1227 1999 quaro
1251 1933 1366 1986 mitatem
1381 1949 1486 2002 operatur
1499 1949 1609 1991 sttarttnt
1622 1953 1728 1991 ortuna-

96 2032 153 2084 quse
167 2016 276 2072 omitiua
291 2027 417 2087 perpetua
430 2028 482 2072 est.
498 2017 605 2070 tiasrtrta
619 2019 716 2088 qnippe
731 2021 786 2090 ejus
801 2030 886 2074 mouet
936 2022 1009 2076 tiabit
1032 2021 1127 2090 papeia
1147 2040 1213 2088 sato,·
1237 2024 1340 2079 scilicet
1353 2032 1383 2079 ut
1409 2027 1481 2079 daret
1502 2027 1539 2079 eis
1553 2027 1728 2082 amedaeum

66 2103 69 2107 ’
96 2110 122 2164 itt
139 2109 261 2163 saecaiaat
273 2109 369 2171 sternii,
388 2124 448 2163 cum
465 2109 650 2178 peecatoribus
665 2109 762 2164 dixerit
779 2127 785 2164 :
804 2111 843 2164 ite
859 2112 886 2165 itt
936 2115 1056 2186 gentiam.
1074 2113 1129 2183 ipsa
1145 2113 1217 2170 enim
1232 2115 1344 2169 intentio
1358 2114 1406 2170 init
1422 2116 1610 2171 tuiracniorum
1625 2126 1653 2171 nt
1665 2132 1728 2173 cre-

95 2203 178 2274 iouem
190 2212 322 2264 eternitas,
335 2203 378 2270 qai
398 2211 503 2270 paratas
517 2212 554 2256 est
564 2202 667 2256 diabolo
681 2213 704 2255 et
720 2203 819 2273 auqetis
832 2207 887 2273 rjus
936 2204 1041 2270 darent,
1052 2215 1079 2260 et
1091 2207 1198 2273 praemia
1208 2207 1400 2274 compromissa
1411 2207 1551 2263 credentes
1563 2210 1627 2275 accip
1637 2219 1727 2265 erent.

96 2289 202 2361 (aaran.
220 2307 284 2355 ssu,
300 2290 358 2362 di).
376 2291 529 2359 iterumque
547 2292 651 2362 justitia
673 2294 728 2363 ejus
751 2303 837 2345 maaet
858 2293 885 2346 ia

974 2297 1051 2352 Vers.
1068 2299 1093 2352 i.
1111 2298 1183 2361 binas,
1208 2297 1274 2353 Nus.
1292 2298 1579 2369 Opera—utatruantejas
1598 2302 1690 2355 teritos
1703 2311 1729 2354 et

95 2382 215 2439 sconiam
232 2382 329 2445 soretdi,
346 2381 453 2454 quando
467 2382 559 2437 fideles
574 2382 755 2450 advocaverit,
768 2385 883 2442 diceas:
932 2387 1060 2457 judicium
1075 2404 1084 2441 .·
1101 2388 1188 2454 tidelia
1205 2389 1292 2442 omnnio
1306 2389 1428 2443 mandata
1448 2391 1513 2460 ejas.
1536 2390 1728 2447 Pateiterrimis

99 2471 198 2540 Vertite,
223 2475 347 2529 benedieti
370 2472 457 2528 Patris
474 2475 533 2541 mei,
549 2474 671 2545 percipite
695 2491 803 2547 requam
817 2476 886 2543 qaod

96 2566 164 2622 trabis
187 2579 306 2640 paratum
326 2577 363 2622 est
380 2566 412 2621 ab
427 2568 499 2620 initia
514 2564 603 2620 utendi
619 2564 742 2640 (ibidem,
758 2567 816 2637 at).
840 2560 886 2624 ste

96 2661 122 2717 iu
136 2669 248 2732 utraque
262 2669 344 2740 parte·
353 2662 458 2739 justitia
474 2662 577 2716 Domini
599 2671 725 2732 perpetua
741 2675 764 2718 et
782 2647 885 2719 incana·

96 2750 230 2809 mutabitis
246 2762 410 2823 perseuerat.

101 2833 106 2846 ’
131 2846 207 2905 Vara.
223 2845 250 2900 d.
267 2847 345 2915 Zara,
371 2847 458 2904 biatu.
480 2845 590 2901 bbemori
607 2864 631 2900 ut
653 2848 711 2918 [ecit
730 2847 886 2901 utirabiiirmt

97 2952 199 2993 morsm
210 2937 353 2992 miseritam
363 2947 386 2992 et
397 2939 530 2991 miserator
539 2935 675 2990 Dauniam.
687 2936 727 2991 tid
738 2937 884 2993 sacrandum

97 3027 168 3084 venit
188 3027 350 3099 ingressam,
371 3026 417 3081 ubi
432 3026 550 3081 ostendit
563 3040 623 3080 esea
639 3027 741 3082 emiesti
764 3026 886 3082 fidelissi-

936 2479 1071 2547 tariisque
1085 2476 1226 2534 sententiis
1240 2479 1266 2533 in
1282 2479 1333 2534 iioc
1349 2490 1378 2534 et
1390 2481 1513 2549 sequenti
1539 2498 1617 2536 tarsu
1633 2482 1727 2538 inrides

939 2570 1042 2624 Donum
1056 2569 1254 2625 describuntur.
1267 2569 1331 2635 Quae
1343 2569 1499 2626 duodecima
1511 2584 1550 2626 rs:
1564 2574 1670 2640 speeies
1681 2573 1731 2628 de·

939 2661 1078 2724 diationis,
1088 2676 1167 2730 quam
1177 2661 1264 2716 Graeci
1275 2661 1329 2717 κατ’
1341 2661 1451 2726 ἔπαινον,
1465 2662 1550 2717 {atini
1564 2680 1610 2730 per
1622 2664 1729 2720 laudem

937 2751 1039 2807 dieunt.
1063 2751 1147 2818 opera
1166 2750 1264 2821 qnippe
1280 2752 1459 2820 uirtutisejus
1473 2760 1524 2816 nst,
1541 2755 1648 2822 quando
1662 2769 1729 2809 oani-

937 2841 1072 2897 bteatibos
1084 2843 1179 2913 parcit,
1189 2852 1216 2897 et
1226 2841 1318 2896 beatas
1328 2856 1361 2896 es
1371 2843 1460 2910 impiis
1471 2842 1542 2907 iacit,
1557 2844 1655 2898 deiende
1665 2859 1727 2900 cum

936 2933 1075 2989 obstinatis
1096 2948 1188 3003 poenas
1208 2933 1310 2990 debitas
1324 2933 1421 2989 reddit.
1437 2935 1604 3004 Quapropter
1618 2938 1726 3005 proprie

936 3027 1038 3087 dictum
1052 3027 1133 3099 382
1148 3035 1200 3090 est,
1213 3025 1346 3097 Opussjtts
1360 3027 1450 3080 veritas
1461 3037 1484 3081 et
1494 3026 1634 3098 judiciam.
1654 3026 1729 3081 Veri·

76 3192 80 3200 ¹
98 3128 267 3192 mospastos,
280 3120 306 3175 id
323 3120 491 3175 estadremu
507 3117 610 3173 Domini
623 3120 713 3188 utique
727 3119 883 3175 Saitatoris.
899 3125 921 3188 (ζ
938 3119 1727 3190 tasesteaimcumfidelibuspromissorestituit3jaads'cianr,

99 3208 250 3269 lismort’am
262 3225 327 3282 ergo
339 3212 399 3282 fecit
413 3211 569 3264 atirabitium
580 3227 695 3276 suoram,
711 3211 816 3281 quando
829 3209 888 3279 piu·

99 3303 164 3360 rima
180 3318 248 3359 nara
261 3311 288 3358 et
301 3286 425 3357 inusitata
440 3303 609 3357 monstrarit.
625 3301 701 3357 Tuae
711 3303 782 3358 enim
798 3303 887 3359 omnia

99 3395 182 3450 Deum
198 3409 293 3466 regere
309 3394 392 3463 potuit
405 3394 543 3449 evidenter
562 3392 676 3458 adverti,
698 3393 805 3462 qnando
823 3396 888 3449 risa

99 3496 162 3545 sant
183 3488 391 3543 consuetudines
406 3501 495 3541 rerum
514 3486 599 3541 saeris
610 3485 776 3554 jussionibus
790 3488 887 3541 imma·

99 3581 162 3638 tsri.
182 3579 347 3636 Cranrertere
367 3578 438 3638 enim
454 3578 586 3633 veraciter
606 3593 657 3631 noa
673 3586 762 3646 potest
781 3578 889 3633 ordines

99 3686 200 3739 reram,
215 3671 265 3726 nisi
282 3671 326 3740 qui
339 3684 385 3724 eas
402 3678 429 3724 et
441 3668 536 3724 teetsse
548 3676 576 3724 et
590 3668 779 3723 administrare
791 3683 890 3739 eogno-

100 3765 191 3820 atitttr.
204 3762 237 3817 Et
249 3773 277 3816 ut
286 3762 439 3817 ostenderet
450 3761 493 3832 qui
506 3761 563 3829 [ecit
576 3761 724 3813 memoriam
736 3760 890 3813 uairabib'am

101 3872 215 3920 namur,
244 3854 374 3923 seqnitur,
397 3853 541 3906 misericors
565 3858 588 3904 et
604 3851 738 3903 miserator
753 3849 887 3907 Dominus.

103 3948 248 4004 Misericors
270 3957 390 4001 naturam
405 3944 463 4013 elus
479 3943 584 4011 pietatis
599 3941 731 4004 ostetidit;
746 3942 888 4008 miserator,

102 4048 206 4110 tempus
216 4052 269 4108 quo
283 4035 398 4091 adtenta
411 4049 459 4088 saa
474 4033 688 4087 misericordiam
704 4032 775 4098 tecta,
796 4042 824 4088 et
843 4033 891 4088 itat-

101 4144 181 4186 taaaa
194 4130 285 4201 generi
297 4128 369 4198 larga
384 4128 482 4196 pietate
495 4125 629 4180 stabaeait.

138 4221 214 4277 tera.
230 4220 257 4274 5.
277 4220 364 4285 Tern,
389 4217 449 4274 boo.
476 4216 570 4270 Eseam
584 4217 655 4270 dedit
681 4216 826 4270 timentibus
845 4231 871 4269 se
882 4231 892 4279 ,·

102 4327 198 4366 memor
210 4312 256 4365 erit
265 4312 291 4364 iu
307 4310 428 4365 saeuiant
443 4309 586 4363 testamenti
596 4310 649 4362 sai.
661 4308 736 4375 Quoad
753 4308 829 4373 disit,
842 4305 893 4360 Es·

103 4419 159 4457 sata
171 4403 240 4456 dedit
254 4402 398 4455 timentibus
415 4416 452 4467 te,
476 4401 609 4468 siguificat
623 4400 713 4469 utique
728 4399 891 4469 spiritualem

939 3210 1010 3280 quod
1024 3211 1113 3282 impiis
1126 3212 1303 3267 comminatur
1321 3227 1327 3262 :
1344 3211 1468 3279 quonism
1482 3207 1526 3278 qui
1538 3209 1581 3265 iiic
1596 3221 1729 3280 praecepta

938 3301 998 3375 ejus
1011 3303 1099 3360 iacere
1112 3305 1259 3375 negiignat,
1276 3301 1311 3356 itii
1327 3301 1468 3356 vindictam
1484 3313 1637 3370 perpetuant
1649 3306 1733 3357 sust]-

940 3397 1048 3454 uebunt«.
1074 3396 1314 3469 montanistarum
1329 3396 1414 3448 attritio
1437 3395 1559 3449 ritastdata
1571 3397 1640 3467 ejas.
1657 3395 1729 3451 Seri-

940 3503 1013 3562 ptum
1029 3498 1094 3547 est:
1111 3489 1191 3545 Seruo
1204 3487 1336 3554 mandata,
1353 3496 1376 3540 et
1391 3489 1524 3541 seruabant
1539 3497 1561 3539 te
1574 3486 1667 3556 (diarii.
1683 3501 1730 3551 sn,

941 3584 995 3655 ta).
1012 3581 1116 3635 Fidetia
1129 3597 1192 3636 vero
1205 3586 1277 3643 suat,
1288 3577 1413 3649 quoniam
1427 3579 1499 3632 nulio
1513 3579 1651 3632 mendscia
1660 3577 1734 3632 dicta

938 3676 1092 3739 variantem
1108 3673 1154 3728 sed
1171 3671 1356 3725 absoluturos
1376 3669 1542 3735 custodiunt,
1564 3683 1623 3723 cara
1638 3683 1668 3722 aa
1681 3682 1730 3723 eu·

939 3767 1040 3822 stadiae
1055 3763 1156 3819 Donum
1172 3777 1282 3817 munero
1297 3761 1463 3817 festinamus.

977 3857 1053 3912 Vere.
1066 3856 1094 3911 8.
1108 3856 1228 3920 sannen,
1247 3855 1309 3908 Ata.
1333 3852 1492 3921 Confirntoto
1507 3852 1533 3904 iu
1544 3851 1667 3906 saecu'um
1679 3867 1730 3905 ste·

940 3951 1003 4016 ostii,
1022 3950 1091 4019 iacta
1112 3950 1140 4002 iu
1160 3949 1261 4002 acritate
1273 3954 1298 4001 et
1312 3946 1440 4016 oeqstitate.
1457 3944 1578 4002 ilnmaaa
1592 3946 1670 3999 verita
1691 3946 1730 3998 in·

941 4055 1046 4095 cassum
1068 4040 1150 4093 missa
1160 4039 1302 4091 enituntur
1315 4054 1323 4090 ε
1337 4034 1443 4090 Domini
1459 4047 1546 4090 auem
1560 4049 1650 4090 sermo
1664 4050 1733 4090 cau·

944 4131 1063 4185 Drmatas
1078 4137 1215 4194 permanet
1229 4127 1255 4180 in
1270 4134 1412 4180 aeternum.
1427 4123 1516 4179 Nescit
1530 4125 1602 4179 cuim
1617 4125 1735 4179 titubare

942 4218 1013 4288 quod
1028 4214 1136 4271 Veritas
1159 4214 1285 4282 ioqtiitur.
1304 4211 1440 4283 Sequitur,
1457 4215 1526 4282 tacta
1548 4213 1574 4265 ia
1590 4213 1695 4266 raritate
1708 4220 1736 4266 et

943 4311 1070 4377 aqaritote.
1088 4306 1209 4360 standan
1225 4305 1279 4365 itia.
1292 4316 1351 4374 que
1362 4303 1574 4374 saperiusdirit',
1585 4309 1617 4358 ιιι
1629 4319 1660 4360 es
1675 4319 1736 4359 cre·

945 4401 1022 4455 detes
1047 4398 1204 4455 certissimis
1230 4396 1368 4452 effectibus
1392 4411 1453 4452 esse
1478 4397 1640 4463 planissima,
1665 4396 1739 4466 [aeto

102 4497 202 4550 eitiunt.
224 4493 288 4562 Quis
297 4495 369 4548 enim
385 4507 473 4547 escam
493 4507 662 4548 communem
680 4499 754 4560 patet
768 4491 892 4545 fidelibus
907 4493 1013 4564 Ddisit
1023 4506 1083 4546 esse
1093 4490 1194 4561 quam*
1205 4491 1284 4544 dieta.
1302 4490 1333 4544 Et
1347 4496 1376 4542 ut
1389 4488 1505 4558 dignitas
1517 4503 1609 4542 eornm
1621 4489 1741 4558 amptius

102 4585 136 4640 tid
152 4585 290 4657 prauuium
305 4584 404 4647 datam,
421 4598 481 4652 quae
499 4591 526 4637 et
537 4582 721 4651 peccatoribus
737 4581 835 4651 passim
847 4596 893 4637 ca-

102 4694 178 4750 gaosr
187 4678 240 4733 itur
259 4675 408 4730 attributa?
432 4675 485 4731 Sed
508 4683 539 4730 ut
558 4676 642 4744 magis
659 4675 709 4729 boc
722 4675 756 4728 dc
778 4674 893 4729 adtenta

103 4769 210 4827 mantnt
235 4767 383 4824 saltatoris
409 4768 552 4823 debuisses
577 4768 729 4831 advertere,
756 4770 892 4836 sequitur,

104 4877 199 4917 memor
212 4861 308 4915 eritis
328 4858 449 4913 sociabam
473 4859 614 4912 testamenti
639 4859 689 4910 sui.
711 4857 811 4911 bbemor
835 4857 893 4920 erit,

99 4951 278 5007 manasedais
291 4949 484 5006 cousuetudine
495 4948 603 5014 dicitur,
618 4949 681 5017 quia
695 4957 759 5003 tuac
771 4946 831 5016 qais
844 4945 894 5000 aii·

103 5043 169 5114 quid
182 5045 208 5099 in
224 5055 315 5099 meiito
328 5042 454 5098 habuisse
466 5051 584 5112 putatas,
599 5055 660 5097 eam
676 5040 806 5108 promissa
821 5054 895 5093 eona·

105 5137 228 5206 nitereris.
240 5134 399 5192 tomentum
407 5133 734 5202 aeternitatemsignistcat,
744 5131 803 5201 quin
815 5130 895 5185 verba

103 5230 258 5287 tastamenti
271 5228 313 5284 sui
326 5228 485 5284 solidissima
498 5228 609 5282 veritate
622 5225 749 5280 custodit.
764 5223 830 5279 Nam
842 5221 896 5277 sic·

105 5331 135 5375 tu
151 5319 299 5390 mornmsas
311 5329 353 5376 est
367 5320 395 5375 iu
412 5318 501 5374 Veteri
511 5318 683 5372 Testamenta
696 5316 823 5369 Dominus
837 5312 898 5370 Sai-

107 5425 193 5481 rator,
211 5413 246 5468 ita
262 5414 289 5469 iu
304 5410 378 5467 Noto
392 5410 519 5467 advenire
528 5408 653 5479 dignatus
664 5417 715 5472 ast,
731 5409 757 5461 in
772 5422 826 5476 qna
840 5423 897 5460 esea

107 5505 169 5561 dota
180 5516 217 5561 sst
230 5505 454 5570 timentibaseum,
468 5504 493 5558 id
504 5513 545 5558 est
555 5499 763 5572 communicatio
773 5499 898 5568 eorporis

142 5684 220 5743 ‘ttae
234 5685 323 5756 siiqnn
339 5685 444 5741 sirletus
455 5683 549 5738 deesse
563 5677 731 5749 conjunctio,
753 5673 833 5728 Eois.

947 4594 1095 4653 appareret,
1111 4583 1217 4652 adjecit,
1232 4583 1373 4636 inveritate
1385 4590 1408 4634 et
1422 4583 1551 4650 aequitate.
1571 4579 1670 4635 Veritas
1686 4591 1739 4642 est,

947 4680 1005 4749 quia
1018 4679 1087 4730 dieta
1099 4676 1284 4743 cotupleutur3
1299 4674 1407 4742 equitas
1417 4681 1468 4738 est,
1480 4672 1539 4741 quia
1549 4670 1658 4739 justitiae
1674 4685 1740 4740 parre

948 4771 1012 4826 dere
1027 4769 1207 4839 proteruntur.
1223 4767 1275 4820 iias
1296 4767 1368 4821 enim
1383 4764 1495 4819 virtutes
1510 4761 1680 4817 manifestum
1699 4770 1743 4816 est

948 4862 1006 4930 ejus
1020 4863 1157 4914 continere
1173 4857 1308 4911 mandata.

985 4954 1062 5007 i'ers.
1074 4954 1101 5007 D.
1115 4952 1181 5018 Pus,
1195 4951 1278 5015 Sana,
1292 4950 1374 5005 Cara.
1389 4947 1597 5018 Redemptiauem
1611 4946 1680 4999 misit
1694 4959 1739 5011 po

948 5047 1009 5114 paria
1024 5061 1089 5111 aaa,·
1111 5044 1239 5098 utoudauit
1263 5044 1290 5097 iu
1314 5053 1436 5097 aeteruum
1460 5047 1637 5095 testamentum
1651 5054 1740 5092 asam-

950 5138 1074 5192 Saactam
1088 5145 1113 5189 rt
1127 5134 1237 5190 terribite
1251 5149 1344 5187 aromeu
1356 5133 1418 5201 ejus.
1438 5131 1485 5185 iiic
1496 5130 1741 5201 enthymematicus

949 5231 1120 5301 syllogismus
1140 5230 1194 5297 jam
1216 5228 1295 5282 nobis
1316 5226 1498 5295 frequentatus
1512 5223 1649 5286 obortum
1664 5221 1744 5290 casius

949 5323 1096 5396 propatuto
1109 5331 1167 5377 est:
1182 5321 1388 5388 Redemptiouem
1401 5318 1468 5371 misit
1482 5317 1576 5387 poptdo
1590 5330 1648 5379 stro,
1663 5329 1743 5368 mam

949 5419 1017 5472 darii
1029 5417 1056 5470 ia
1070 5424 1192 5470 oeteruttm
1212 5420 1385 5467 testamentum
1404 5424 1489 5463 sitam.
1505 5406 1633 5476 Sequitur
1645 5420 1743 5475 esspe-

950 5515 1019 5560 ctata
1032 5505 1167 5561 coueiatsio
1184 5520 1190 5556 :
1207 5502 1331 5559 Sanctam
1341 5509 1378 5556 sst
1392 5499 1472 5570 igitur
1486 5509 1511 5554 et
1524 5499 1635 5554 terribiie
1646 5513 1744 5554 eamear
