3802 6120
111 242 173 315 ,rto
586 237 765 294 carosam
784 238 816 290 rr
838 237 1059 293 asserantur.
1080 238 1173 293 rsot.
1197 238 1240 292 tc
1697 242 1751 295 ,50

126 331 209 407 lueida
233 344 467 414 contemplatione,
493 345 617 414 quoniam
632 345 671 398 nir
685 355 794 399 sanctus
808 345 905 398 chricti
920 348 945 406 Α
959 343 1073 410 loeosus;
1088 345 1158 416 qaod
1173 360 1265 401 orrinos
1281 346 1362 401 libros
1377 348 1480 404 divinos
1497 364 1624 404 onmcrns
1636 365 1749 409 arcanus

129 439 228 495 llomioi
252 437 415 508 praesidebat
438 435 594 490 adrentum.
620 435 652 489 Et
676 451 786 490 necesse
811 435 857 487 t'nit
882 442 925 488 ut·
962 439 1088 503 includit;
1106 439 1174 507 rpuod
1198 440 1288 494 etalio
1304 441 1369 511 legis
1383 441 1480 494 diriore
1494 443 1618 512 mysteria
1633 442 1749 497 multila·

114 533 204 603 '208
228 531 286 599 eius
308 544 355 584 cor
375 529 515 582 exsultaret
540 529 565 582 in
591 528 678 593 laude,
700 527 867 583 delectaretur
885 528 910 581 in
962 531 1003 584 rio
1017 531 1119 584 calcario
1142 532 1322 586 continentur.
1345 537 1460 586 arenam
1486 533 1584 598 maris,
1599 535 1747 604 pluviarum

127 620 347 690 contemplatione
368 620 483 673 amitibus
507 619 595 673 diebus
610 619 670 673 ritae
684 635 750 684 sura,
766 619 842 689 errjus
855 619 913 671 arri-

127 727 166 765 ma
192 711 240 765 tali
266 722 378 764 munere
392 709 505 778 repleta,
525 707 629 764 coelcsti
654 708 829 763 exsultatione
849 722 913 775 gau·

128 802 214 858 debat.
230 802 296 869 Qnae
317 801 399 870 figura
421 799 519 854 dicitur
539 800 614 867 idea,
630 815 690 854 oum
715 815 771 854 rem
798 798 913 853 lsrturam

128 898 198 950 relat
210 894 296 949 oculis
309 892 467 959 oderentes,
484 900 584 946 motum
602 891 685 946 aninti
706 888 834 944 otrnctnr
848 890 914 944 inci·

130 999 225 1045 umus.

164 1077 242 1133 Vera.
259 1075 302 1130 lb.
318 1075 439 1129 llelectati
449 1091 536 1128 sumus
551 1091 596 1138 pro
609 1074 696 1127 dirim
709 1073 798 1140 auibus
810 1088 855 1126 nos
869 1074 915 1126 bu-

131 1168 251 1232 miliatti,
265 1167 341 1221 annia
354 1167 481 1234 inanibus
500 1165 608 1217 aidirous
627 1165 703 1216 acala.
718 1161 916 1216 Tribnlationcs

131 1272 193 1328 qaas
207 1255 360 1311 bominibus
378 1254 542 1323 providentio
568 1253 659 1307 divina
681 1253 814 1313 concedit,
837 1265 915 1320 arram

132 1349 218 1407 ueraci
230 1348 409 1404 estimatione
424 1347 611 1416 perpenderat,
628 1355 657 1399 ιιι
675 1345 834 1399 delectatum
847 1357 876 1397 se
889 1343 915 1396 io

132 1443 169 1498 eis
182 1440 306 1506 diceret,
322 1454 369 1508 per
381 1454 447 1509 quas
468 1436 661 1492 humiliandum
679 1435 803 1505 populoso
817 1435 916 1488 saltita-

133 1531 195 1586 riter
220 1528 362 1583 sentiebat.
377 1527 485 1583 Sciebat
499 1526 570 1581 enim
590 1524 709 1580 tidelibas
724 1522 788 1577 viris
811 1522 916 1576 noxiam

133 1637 191 1677 csse
211 1619 384 1688 superbiam;
400 1629 426 1673 ct
449 1618 510 1673 inde
529 1618 641 1672 [torpino
654 1617 753 1689 gratias
767 1616 831 1686 agit,
847 1615 918 1668 unda

962 629 1058 689 guttas,
1076 621 1211 675 bosoirnrm
1223 623 1332 692 capillos
1355 623 1465 692 legimus
1479 639 1537 678 esso
1552 624 1601 677 sub
1626 641 1747 680 numero.

965 711 996 764 Et
1011 720 1039 763 ut
1055 710 1127 764 brevi
1141 714 1301 779 compendio
1314 713 1462 782 disciptinae
1476 714 1560 782 ipsius
1575 714 1678 767 laudem
1694 717 1750 768 rir-

965 809 1102 868 tutemaue
1118 816 1270 866 noscamus,
1287 802 1412 858 Salomon
1429 805 1484 869 ait,
1502 803 1593 857 Omnia
1608 807 1634 859 in
1649 823 1751 861 measu-

965 906 1006 956 ra,
1017 900 1040 942 et
1054 905 1169 955 numero,
1185 899 1207 943 rt
1226 892 1335 958 peredere
1348 891 1429 944 Derim
1440 894 1528 961 secisse
1542 894 1619 961 (Sap.
1631 910 1668 961 xt,
1683 895 1728 966 at)
1743 913 1750 958 ;

967 993 995 1035 ut
1009 982 1113 1036 cunctis
1127 980 1309 1035 indubitanter
1323 994 1450 1050 appareat
1468 984 1660 1039 arithmeticam
1673 987 1752 1042 disci·

966 1072 1064 1142 plioom
1082 1074 1178 1144 ubique
1193 1089 1253 1129 esse
1264 1073 1398 1129 diliusam.
1414 1075 1486 1130 llaoc
1498 1087 1620 1132 auctores
1639 1080 1751 1134 sacrola-

967 1161 1035 1216 rinm
1051 1163 1199 1218 litterarum
1225 1166 1377 1234 diligentius
1400 1178 1595 1234 perscnrtaotas
1616 1171 1641 1222 in
1664 1171 1759 1225 multis'

968 1251 1086 1321 partibus
1113 1254 1280 1320 diuiserunt,
1304 1256 1329 1309 it
1353 1265 1393 1310 est
1414 1258 1439 1310 io
1467 1258 1524 1327 pari
1548 1268 1575 1313 ct
1600 1259 1710 1330 impari,
1726 1262 1751 1316 ia

968 1339 1084 1408 perlecto
1098 1350 1124 1394 ct
1145 1342 1312 1410 imperfecto,
1328 1345 1355 1398 in
1370 1345 1506 1414 superllno
1520 1356 1547 1400 et
1564 1348 1714 1412 imminuto,
1727 1364 1754 1405 ct

968 1433 1070 1487 cacteris
1085 1449 1145 1503 quse
1158 1433 1185 1487 io
1212 1436 1276 1503 ipsis
1290 1438 1440 1491 auctoribus
1454 1439 1652 1497 evidentissime
1670 1443 1755 1496 conti·

969 1530 1079 1587 neotur;
1094 1537 1159 1592 arras
1171 1525 1296 1579 studiosis
1310 1527 1397 1593 legere
1410 1537 1436 1581 et
1450 1543 1514 1582 sana
1537 1540 1626 1585 mente
1641 1541 1754 1588 tractare

970 1615 1052 1668 nostri
1075 1632 1181 1685 atroque
1196 1618 1341 1686 permisere
1363 1619 1487 1688 majoros.
1514 1623 1596 1678 Derim
1617 1635 1703 1681 tamen
1728 1628 1754 1682 io

133 1713 273 1769 credontes
298 1709 444 1781 proiecisse
465 1712 599 1778 cognorit.
624 1709 790 1776 Quapropter
815 1707 841 1760 in
866 1707 918 1761 iltis
933 1705 1092 1774 Bomoibus
1109 1722 1232 1776 rogemus
1248 1718 1277 1763 ot
1298 1725 1392 1765 sensus
1415 1722 1521 1767 nostros
1545 1717 1656 1782 aperiat,
1672 1727 1700 1773 et
1721 1722 1753 1774 ad

134 1803 207 1856 roais
222 1815 252 1856 se
265 1802 416 1854 delectatum
429 1812 489 1853 esse
503 1799 693 1862 conluctando
715 1797 803 1865 quibus
822 1796 917 1849 aidorat
969 1810 1061 1849 reram
1086 1796 1242 1864 sortientium
1266 1814 1313 1852 sua
1333 1813 1381 1853 nos
1403 1800 1594 1859 illuminatione
1617 1808 1753 1874 perducat.

134 1890 220 1956 omia,
231 1888 301 1943 mala
317 1889 418 1943 scilicet
440 1886 607 1956 cumgratia
633 1887 750 1957 putabat,
766 1884 828 1938 dnm
843 1893 918 1952 pate·
969 1884 1101 1952 Quidquid
1125 1886 1195 1940 coito
1212 1887 1325 1957 legeris,
1346 1890 1473 1960 quidquid
1494 1893 1702 1964 excogitaretis,
1719 1897 1753 1952 ita

135 1991 207 2037 retur
226 1980 387 2036 humanitas.
411 1980 476 2033 Nam
501 1979 559 2033 riro
583 1985 675 2032 sancto
690 1985 717 2031 et
730 1974 918 2042 contemplanti
969 1976 1124 2034 dulcescere
1149 1982 1245 2048 poterit
1265 1981 1330 2050 tibi,
1352 1982 1375 2037 si
1398 1998 1494 2054 sapore
1513 1989 1620 2058 superni
1636 1993 1755 2047 muneris

135 2072 274 2127 veritatem
290 2086 343 2125 noo
367 2070 452 2125 solum
467 2069 558 2139 gravia
583 2083 635 2123 oon
652 2067 768 2134 luerunt,
782 2067 918 2121 sedetiam
969 2070 1112 2125 condiaris.

133 2159 225 2218 suasis
239 2161 290 2216 sibi
306 2161 440 2215 exstitisse
456 2157 592 2229 prolessas
607 2166 658 2213 est.

172 2253 248 2306 lert.
264 2251 307 2306 td.
324 2251 430 2319 Respice
439 2251 465 2303 io
476 2265 560 2304 seruos
571 2257 626 2303 tuas
637 2260 660 2302 at
675 2249 701 2304 in
714 2265 790 2321 opera
799 2233 859 2312 tua,
868 2248 921 2302 llo·

136 2343 218 2407 minu
232 2353 255 2397 et
271 2343 351 2414 diripe
363 2343 431 2412 tilios
453 2357 550 2395 aarum.
567 2340 663 2396 Sancta
683 2339 845 2395 conscientia
869 2352 920 2394 tran

135 2432 236 2489 desiuit
248 2431 334 2486 lacere
347 2433 374 2486 io
388 2445 469 2500 opere
480 2431 567 2485 alieoo
580 2429 649 2498 quod
671 2432 813 2485 exercebat
823 2430 851 2483 io
863 2445 922 2499 pro·
1006 2426 1118 2493 Quando
1133 2432 1189 2483 taus
1200 2432 1291 2484 cantici
1304 2431 1418 2496 dicitur,
1432 2448 1485 2486 non
1506 2449 1645 2491 commotae
1659 2434 1757 2506 aliquid

135 2526 205 2594 μὴ,
225 2523 327 2591 Quibus
341 2522 412 2578 enim
429 2521 597 2577 offirmatus
617 2536 666 2590 pm
681 2521 807 2577 {metrias
821 2523 923 2593 suppli.
972 2517 1111 2572 sentiatur.
1128 2517 1199 2573 Laus
1217 2520 1326 2591 intelligi
1343 2533 1427 2588 potest
1443 2532 1470 2576 ct
1492 2525 1606 2579 bumana
1630 2526 1759 2595 praedica·

137 2613 238 2670 caverit
253 2614 376 2678 Domino,
393 2614 503 2667 omnino
523 2612 691 2667 notissimum
705 2615 755 2667 est.
782 2611 856 2666 dunc
879 2626 923 2665 ca·
974 2606 1028 2671 tlo;
1052 2607 1098 2662 sed
1124 2608 1181 2664 laus
1203 2613 1295 2664 cantici
1315 2613 1489 2668 animadverti
1514 2629 1567 2669 noo
1595 2627 1681 2684 potest
1706 2618 1756 2673 nisi

138 2705 198 2761 dem
223 2704 305 2760 simili
328 2703 380 2760 ltoe
407 2702 558 2770 concludit,
582 2712 609 2757 nt
629 2702 800 2773 peccantibus
824 2702 924 2758 iudeis
949 2697 1061 2760 ,diviua
1077 2698 1203 2754 laudatio.
1220 2699 1301 2754 bonta
1324 2712 1412 2758 autem
1429 2704 1482 2770 tric,
1499 2707 1584 2774 ipsum
1601 2709 1756 2776 prophetato

139 2805 241 2868 parcat,
253 2807 281 2852 et
297 2796 365 2851 lilios
378 2810 471 2851 eorum
486 2804 577 2851 sancta
592 2795 750 2851 credulitate
762 2797 922 2866 recorrignt;
974 2787 1101 2843 debemus
1111 2790 1260 2854 advertere,
1276 2793 1440 2862 atriprirnaro
1452 2809 1556 2863 partem
1570 2797 1649 2865 nojin
1664 2800 1757 2867 psalmi

1119 2203 1295 2260 attosttto
1315 2205 1346 2260 tt
1366 2207 1528 2263 Psattttttt
1550 2209 1602 2266 XC.

1223 2318 1289 2373 Laus
1302 2322 1395 2375 cantici
1410 2319 1504 2377 David.

139 2983 232 3038 „trem
246 2996 337 3036 mmm
350 2980 456 3036 sopores
468 2979 494 3034 tn
507 2979 558 3035 nne
573 2979 664 3033 saeeutt
683 2993 823 3046 conversa,
835 2980 867 3031 aa
879 2994 925 3033 ve.
978 2967 1093 3035 ipsarum
1108 2973 1313 3040 promissionum
1333 2976 1460 3030 rariotate
1481 2977 1668 3034 dolcissimus:
1682 2982 1759 3052 cirins

140 3071 210 3126 niam
235 3072 377 3140 pervenire
401 3079 545 3124 mercator.
562 3068 637 3136 Quod
660 3068 809 3138 prophetiae
831 3068 924 3139 spiritu
939 3089 962 3151 c
977 3059 1145 3115 undecimum
1169 3071 1195 3116 et
1215 3062 1401 3120 duodecimum
1430 3081 1535 3121 versam
1562 3069 1683 3127 diabolus
1709 3073 1760 3143 ipsi

142 3161 228 3232 (siem
251 3175 323 3229 sape
337 3159 472 3230 diximus)
490 3169 600 3215 inererat
624 3173 683 3215 esse
708 3158 868 3214 laciendum.
893 3158 927 3213 Et
980 3149 1093 3207 bonrirro
1109 3151 1249 3215 saltatori,
1265 3170 1325 3209 cum
1339 3171 1399 3209 aum
1412 3167 1549 3226 recitasset,
1563 3160 1671 3229 objecit.
1686 3162 1762 3218 llurm

142 3250 279 3305 considera
294 3250 390 3320 auibus
402 3251 490 3304 verbis
507 3252 634 3319 pietatem
653 3248 717 3304 boni
742 3248 845 3304 iudicis
859 3250 927 3304 iuri·
978 3238 1105 3310 hymnum
1120 3239 1285 3297 daefflffltibt'i
1301 3244 1344 3311 pin
1359 3245 1518 3300 ⁰⁰¹¹sst¹⁶¹¹¹ii
1529 3263 1635 3316 will?
1647 3255 1760 3320 opponi·

142 3341 220 3406 intr,
234 3347 265 3394 ut
287 3340 372 3409 primo
386 3338 505 3402 dicerer,
518 3341 544 3392 tn
565 3354 649 3393 gerno,
668 3348 741 3402 cong
762 3337 876 3404 deinde,
899 3339 927 3392 tn
978 3347 1052 3400 mos,
1068 3340 1096 3386 ut
1111 3348 1125 3386 a
1140 3334 1216 3388 nobis
1230 3336 1316 3401 potins
1330 3337 1391 3390 iode
1411 3338 1561 3405 vincantur,
1584 3340 1654 3396 utrdc
1668 3355 1761 3398 contra

142 3447 217 3503 opera
230 3439 293 3496 tua,·
306 3440 437 3501 quatenos
452 3430 503 3485 etsi
526 3430 602 3484 lactis
621 3429 676 3484 suis
689 3429 793 3483 vertiam
806 3444 858 3482 ooo
872 3443 928 3483 me·
978 3421 1129 3478 Creatorem
1145 3441 1220 3478 suurn
1235 3426 1328 3480 coloso
1343 3428 1429 3496 aliqua
1441 3428 1531 3484 dicere
1546 3441 1723 3489 terrtareruot.

144 3530 264 3578 rcrcotuc
276 3521 416 3590 accipere,
429 3535 489 3575 eam
502 3519 639 3574 Creatoris
653 3533 733 3587 opera
748 3519 824 3572 valde
837 3519 929 3572 larida-

144 3612 202 3668 bilis
225 3613 392 3682 impetraret.
406 3611 483 3678 Quod
508 3617 693 3681 argumentum
709 3609 779 3679 apud
807 3608 928 3663 rhetores

144 3706 268 3761 dicituro
284 3705 360 3758 laude
373 3703 481 3772 iudicis.

177 3796 256 3852 Vere.
274 3798 316 3852 l'l.
335 3795 367 3849 tr
385 3797 417 3850 sit
436 3780 555 3863 splendor
571 3790 676 3845 Domini
691 3790 740 3845 Dei
759 3791 839 3844 nostri
854 3806 929 3858 saper

145 3903 208 3953 nos,·
223 3897 249 3941 ct
269 3902 346 3953 opera
371 3900 493 3937 amanum
513 3893 656 3936 nostrarum
678 3881 760 3951 diripe
782 3895 858 3946 saper
872 3895 928 3934 nos.

147 3980 273 4049 Splendor
286 3977 390 4031 llomini
404 3992 480 4045 srtper
493 3991 539 4029 nos
564 3983 615 4039 est,
632 3973 738 4041 auaritia
761 3972 849 4027 crucis
873 3971 930 4040 ejus

147 4070 321 4139 impressione
335 4069 504 4133 decoramur,
518 4074 545 4120 et
560 4065 686 4120 rcrillom
703 4063 830 4132 triumphi
846 4064 930 4132 ipsius

148 4161 173 4214 io
196 4160 284 4216 lrorite
309 4167 465 4227 portamus;
493 4157 560 4211 sicut
588 4155 734 4226 Apostolus
750 4154 815 4210 dicit
837 4172 844 4208 ε
865 4153 931 4207 dlilri

147 4261 228 4305 astent
241 4250 307 4306 absit
320 4249 436 4322 gloriari,
454 4248 505 4301 nisi
518 4249 544 4300 in
563 4262 639 4300 cruce
661 4246 763 4298 Domini
777 4245 856 4298 nostri
869 4242 932 4297 lesu

147 4340 254 4404 mmet,
273 4355 318 4408 per
332 4354 405 4406 quem
426 4337 488 4391 milri
500 4342 610 4390 orandus
631 4336 768 4404 trucidans
788 4344 836 4401 est,
848 4344 871 4388 et
885 4350 932 4405 epa

1263 3535 1357 3591 Divisio
1378 3540 1478 3604 psalmi.

1014 3638 1042 3696 ln
1065 3641 1150 3709 prima
1171 3655 1244 3712 parte
1260 3645 1397 3701 Psalrrrisa
1414 3650 1553 3718 profitetur
1573 3648 1677 3708 oannem
1697 3654 1763 3711 ssde

979 3730 1107 3785 tissimum
1121 3732 1209 3786 diuina
1224 3737 1389 3802 protectione
1405 3741 1506 3794 saliari.
1521 3742 1643 3799 Secunda
1658 3745 1763 3802 laudem

980 3819 1102 3874 docantat
1118 3821 1386 3882 [tontinoSalratori.
1402 3828 1490 3883 'l'ertia
1506 3833 1584 3886 rerba
1600 3843 1662 3888 suot
1680 3835 1765 3892 Patris

981 3910 1013 3964 ad
1025 3925 1130 3964 omrrcm
1150 3913 1272 3975 tactem,
1287 3930 1364 3983 quem
1380 3918 1405 3970 io
1420 3932 1450 3971 se
1463 3919 1636 3979 devotissime
1656 3938 1765 3994 sperare

981 4002 1128 4071 cognoscit,
1152 4010 1179 4057 et
1193 4003 1218 4056 in
1234 4005 1332 4058 ornodo
1352 4006 1403 4060 isto
1416 4007 1613 4076 detensioncm,
1631 4020 1657 4068 et
1679 4013 1706 4067 in
1722 4013 1765 4067 iu·

983 4103 1041 4151 turo
1054 4098 1090 4151 itti
1105 4098 1171 4169 led,
1186 4097 1240 4169 ille]
1260 4100 1366 4166 praemio
1380 4104 1611 4168 compromittens

1248 4211 1380 4282 Exposftio
1403 4215 1505 4284 paulati.

1020 4325 1096 4395 Vere,
1111 4326 1136 4379 l.
1154 4324 1204 4390 Qui
1216 4324 1313 4377 liabitas
1326 4327 1352 4379 in
1370 4327 1500 4396 adjutorio
1518 4329 1656 4397 ditissimi,
1672 4332 1768 4402 inpro-

147 4434 241 4484 ntttndo
257 4429 353 4500 (Galat.
367 4445 403 4492 tt,
418 4428 474 4494 ttt.
488 4428 555 4482 ilinc
566 4437 592 4480 ct
602 4427 628 4481 iu
644 4427 697 4481 alio
710 4426 812 4495 psalmo
828 4426 929 4481 dicturo
946 4441 971 4500 ῃ
985 4404 1434 4470 'etimithi“21500m'l10lssii‘nl·
1448 4418 1496 4473 flii
1507 4418 1594 4473 delum
1605 4425 1770 4491 ⁰³¹⁹8⁰fi⁰¹¹³
1861 4444 1865 4451 ⁴

147 4530 203 4577 est:
219 4520 356 4590 Sigrratum
369 4531 492 4586 estsuper
506 4535 550 4572 nos
566 4517 651 4571 lumen
664 4519 749 4572 vultus
761 4519 810 4580 tui,
824 4517 932 4571 llamine

148 4610 231 4683 (Paul.
245 4626 281 4676 rr,
296 4612 336 4680 7).
351 4610 492 4679 Sequitur,
519 4619 542 4661 et
558 4624 636 4677 opera
656 4624 776 4662 manuum
788 4618 933 4662 nostrarum

147 4704 226 4774 dirige
248 4717 324 4771 super
348 4718 403 4754 nos.
426 4700 514 4770 Opera
538 4710 629 4754 nostra
651 4698 742 4769 dirigit
764 4715 845 4771 super
865 4713 933 4766 nos,

147 4794 252 4860 quando
265 4792 343 4846 nobis
355 4792 493 4845 donarent
507 4791 611 4844 versiam
628 4800 797 4859 peccatorum
811 4831 818 4856 ,
834 4801 862 4845 ut
873 4804 934 4845 cum

149 4884 276 4940 luerimus
300 4883 442 4953 peruersi,
458 4882 607 4936 elltciamor
628 4879 687 4951 ejus
710 4882 879 4937 correctione
892 4896 938 4936 re·

147 4976 271 5031 ctissimi.

413 5107 548 5163 Conclusio
567 5107 671 5179 psalmi.

183 5247 398 5312 Consideremus,
411 5245 459 5299 riri
480 5244 689 5314 prudentissimi,
700 5259 780 5313 quam
793 5244 873 5298 mttlta
886 5259 935 5298 no·

152 5341 191 5397 bis
203 5343 270 5411 legis
282 5339 380 5394 diuinae
392 5337 518 5406 mysteria
532 5351 580 5406 per
593 5336 711 5391 diversos
724 5351 850 5390 onororos
869 5337 937 5392 indi·

151 5429 346 5499 teotar,oood
369 5428 412 5482 bic
439 5428 506 5480 ritas
532 5427 667 5479 trornionm
694 5427 888 5495 septuagenarii
910 5436 937 5481 et

153 5525 312 5597 octogenarii
338 5521 441 5578 numeri
468 5520 655 5589 supputatione
682 5520 843 5590 recolligat3
866 5519 936 5590 quod

154 5629 260 5672 cunctos
271 5613 338 5670 ordo
351 5612 515 5667 Psalroorum
528 5610 640 5680 mystico
651 5611 685 5665 ait
700 5610 800 5666 calculo
813 5625 938 5681 compre·

370 5707 506 5805 darton.
529 5703 628 5763 Lxx,

985 4507 1154 4577 syllogismus
1182 4509 1217 4560 lta
1241 4509 1363 4578 subleuat
1382 4519 1462 4578 caput
1478 4526 1485 4562 ε
1504 4509 1594 4566 iustus
1620 4511 1721 4569 habitat
1744 4516 1771 4574 iu

987 4596 1118 4664 adjutorio
1144 4596 1280 4650 Altis-imi.
1303 4599 1396 4653 Omnis
1418 4600 1461 4668 arri
1478 4600 1579 4655 babitnt
1598 4601 1623 4655 lo
1639 4602 1772 4672 adjutorio

988 4686 1135 4751 ditissimi,
1160 4687 1186 4738 io
1212 4688 1375 4753 protectione
1398 4688 1444 4741 troi
1472 4688 1533 4743 coett
1556 4681 1771 4749 commorabitui.

988 4775 1080 4830 lustus
1093 4774 1171 4842 igitur
1185 4777 1211 4830 io
1231 4779 1395 4844 protectione
1409 4777 1457 4832 Dei
1478 4781 1539 4833 coeli
1554 4781 1771 4837 commorabitur.

987 4868 1062 4921 Nunc
1076 4869 1156 4921 rerba
1169 4868 1263 4936 psalmi
1278 4877 1431 4924 tractemus.
1444 4869 1533 4924 Posito
1545 4879 1637 4925 sarrcto
1653 4873 1733 4925 llarid
1747 4874 1772 4929 in

987 4957 1212 5026 contemplatione
1224 4959 1338 5025 caelesti,
1350 4961 1410 5013 talis
1421 4961 1509 5014 subito
1517 4975 1629 5027 persona
1641 4971 1774 5016 monstra·

990 5061 1015 5103 ta
1028 5058 1080 5117 est,
1101 5064 1162 5118 quae
1178 5059 1233 5102 tota
1247 5053 1344 5105 trientis
1369 5053 1483 5121 puritate
1496 5055 1591 5106 devota
1606 5068 1720 5122 superna
1732 5055 1775 5122 jo·

989 5144 1056 5212 giter
1071 5142 1235 5209 protectione
1249 5143 1375 5211 gauderet
1389 5161 1395 5196 ε
1411 5145 1452 5196 cni
1468 5144 1549 5197 mulia
1566 5145 1693 5199 beneticia
1707 5147 1776 5198 diri·
1791 5164 1794 5169 ·

989 5234 1060 5287 nicus
1085 5234 1181 5287 asserit
1196 5248 1256 5287 esse
1271 5234 1377 5298 collata,
1391 5246 1416 5286 ut
1434 5233 1469 5286 ad
1481 5234 1648 5287 devotionem
1671 5234 1776 5291 Domini

990 5340 1065 5380 tncos
1089 5339 1179 5380 nostra
1202 5326 1340 5380 ardentius
1367 5325 1502 5391 incitetur,
1526 5327 1632 5395 quando
1654 5328 1776 5386 lrdelrbus

988 5430 1050 5485 spos
1064 5431 1157 5483 magna
1179 5415 1349 5483 promittitur.
1363 5415 1427 5481 Quae
1449 5414 1530 5485 ligura
1545 5415 1643 5470 dicitur
1656 5417 1778 5489 diatypo-

989 5511 1036 5571 sis,
1053 5510 1078 5563 id
1102 5517 1143 5563 est
1156 5509 1292 5575 expressio
1313 5508 1429 5573 babitus,
1446 5509 1490 5562 ubi
1517 5509 1598 5564 rebus
1623 5512 1777 5578 personisve

990 5601 1117 5673 subjectis
1131 5610 1157 5657 et
1173 5600 1272 5656 iuraras
1288 5601 1360 5672 ipsas
1370 5611 1396 5657 ct
1410 5601 1515 5655 babitus
1527 5603 1713 5670 exprimimus.
1727 5601 1776 5668 Qui

1520 5690 1556 5751 tt
