3802 6120
183 203 231 257 tlt

802 205 837 260 dl.
859 202 996 260 tuuettt
1016 202 1213 260 casstobsstttt

1760 206 1813 262 812

183 330 235 387 qrre
246 280 361 369 secuturi
375 314 427 368 sint
440 314 485 382 qui
497 314 607 367 Alleluia
618 321 810 384 pernotantur,
823 327 875 369 non
890 313 974 367 ineas·
987 313 1014 375 Δ
1027 310 1125 366 debere
1146 312 1258 380 suscipi,
1280 312 1326 381 otri
1348 327 1423 368 more
1439 312 1568 367 undarum
1585 313 1693 369 tumidis
1708 317 1814 386 cogita-

184 424 244 465 suut
257 415 294 461 tot
307 406 400 476 psalmi
415 404 458 459 tali
467 407 553 475 capite
569 405 692 461 ridentur
705 406 806 461 ornari.
827 404 892 460 Nam
905 405 974 460 sicut

185 497 214 554 ln
225 496 338 553 melodia
353 495 403 549 lroe
413 495 589 564 compositum
605 510 702 553 nomen
711 495 831 551 diuersos
844 506 920 553 tonos
932 511 973 550 re-

186 588 263 656 eipit,
277 587 311 642 ita
327 597 352 641 ct
366 585 527 656 multiplices
540 601 635 642 causas
656 589 689 642 ad
704 588 757 643 rim
773 603 829 643 suae
844 589 974 658 praediea-

185 679 264 733 tionis
278 678 400 733 assumit.
421 677 478 734 Non
493 678 564 734 enim
588 693 643 734 uno
656 678 737 735 modo
760 680 877 735 dieitur:
903 679 972 733 bou-

183 772 242 827 dete
264 770 401 825 Denrinunr
414 788 423 838 ;
438 771 498 836 sed,
518 772 588 828 sicut
607 787 639 828 es
655 772 767 828 dirersis
790 772 892 828 actibus
917 773 974 826 laus

184 861 234 916 ista
248 860 394 932 colligitur,
412 862 445 915 ita
461 870 488 916 et
502 860 615 916 Alleluia
628 862 709 917 variis
728 860 841 931 negotiis
856 871 882 916 et
897 874 973 914 corn-

186 952 339 1022 petentibus
353 952 550 1006 narrationibus
564 952 721 1021 applicatur.
738 952 786 1007 Est
800 953 872 1008 enim
886 952 973 1006 inteu-

185 1043 224 1099 tio
238 1042 333 1114 psalmi
358 1042 455 1107 istius,
480 1052 509 1096 ιιι
531 1042 565 1095 ab
580 1041 657 1096 initio
671 1041 794 1096 llebraici
818 1040 909 1111 populi
926 1055 974 1108 per

186 1148 281 1204 magua
292 1132 420 1188 miracula
436 1132 626 1202 plenitudinem
642 1132 708 1202 legis
723 1131 777 1202 lorti
792 1142 834 1186 est
851 1130 973 1185 Christus

187 1225 329 1295 Dominus)
346 1223 444 1278 muodo
456 1224 600 1291 prestitam
625 1222 771 1288 nuntiaret,
794 1227 842 1289 per
856 1236 922 1290 quas
936 1220 974 1274 si-

187 1315 351 1371 militudines
374 1329 464 1369 rerum
491 1321 519 1368 et
533 1313 612 1368 bodie
626 1326 843 1382 unumquemque
864 1310 973 1365 libcrari

185 1405 319 1475 approbat
331 1403 524 1459 Christianum.

473 1511 571 1566 Diuisio
586 1513 687 1582 prolusi.

221 1624 273 1681 Per
300 1631 382 1681 lotum
413 1623 542 1690 psalmum
569 1624 698 1692 propbeta
723 1623 849 1691 loquitur.
882 1620 973 1677 Primo

188 1716 269 1771 niodo
282 1720 477 1770 eomoremorat
490 1728 549 1783 qrrae
566 1713 693 1767 miracula
707 1712 835 1769 Dominus
856 1712 974 1767 llebrseis

187 1803 353 1876 praestiterit,
378 1809 405 1859 el
420 1804 519 1872 populo
534 1801 696 1857 Claristiano.
726 1802 848 1859 Secundo
872 1803 923 1858 sub
937 1804 977 1857 in·

189 1896 366 1966 terrogatione
380 1892 445 1949 dicit
468 1907 515 1947 eur
531 1893 627 1963 lugerit
647 1909 732 1959 mare,
758 1909 841 1963 quare
865 1908 974 1948 cursum

187 2001 264 2040 suum
277 1982 401 2038 iordanis
423 1981 550 2037 abstinuit
565 1983 630 2054 led„
655 1982 795 2054 retinuitl:
821 1982 974 2050 responsio·

189 2089 250 2130 nent
270 2073 448 2143 gratissimam
462 2071 629 2142 jungensa
654 2072 719 2127 laeie
745 2072 850 2127 Domini
877 2084 976 2127 terram

189 2164 271 2220 luisse
286 2171 458 2217 commotam.
478 2160 568 2216 Tertio
582 2163 724 2218 simulacra
740 2163 858 2233 gentium
872 2163 976 2217 inutilia

189 2255 355 2313 dernouslrat
380 2254 565 2308 adoratoribus
593 2254 670 2319 suis3
700 2263 727 2309 et
752 2255 851 2325 religiov
870 2255 976 2310 Domini

189 2348 323 2421 quamsit
346 2345 421 2401 utilis
444 2357 469 2400 et
495 2347 669 2402 saluberrima
694 2349 811 2418 propriis
831 2348 977 2404 cultoribus

191 2445 386 2510 rorrsequenter·
401 2439 523 2506 exponit.

462 2548 596 2618 Expositiu
609 2550 711 2616 psalmi.

225 2665 302 2721 tlers.
317 2664 343 2718 l.
364 2661 398 2717 lu
418 2665 488 2718 esltu
510 2660 594 2716 lsrael
615 2664 646 2716 de
668 2661 737 2735 [ms.
753 2662 786 2717 G.
812 2671 840 2717 ct
860 2663 915 2725 ed.,
930 2662 977 2734 ea]

190 2756 316 2827 AEoypto,
331 2755 422 2809 domus
434 2752 516 2807 lacot
531 2754 562 2808 de
575 2752 671 2825 poprrlo
682 2753 801 2808 barbaro.
821 2753 868 2808 liic
881 2755 977 2808 exitum

192 2848 267 2903 illum
280 2846 409 2901 debemus
423 2844 553 2915 accipere,
571 2843 677 2914 qutando
699 2857 747 2897 nos
769 2858 783 2896 a
808 2851 977 2912 peccatorum

191 2938 305 2994 viriculis
320 2936 450 3007 contingit
462 2937 546 2991 exire.
559 2936 634 2990 Tune
646 2937 717 2990 enim
729 2934 762 2989 ab
774 2933 975 3004 AEgyptiorum,

1026 400 1141 457 tionibus
1156 399 1304 467 ducturum
1321 401 1462 456 lordonum
1477 418 1541 458 reno
1556 418 1604 473 pro
1624 404 1743 473 utrolibet
1758 407 1813 463 lte·

1024 492 1096 549 mine
1111 493 1241 548 debemus
1255 493 1387 563 accipere,
1411 495 1454 564 qui
1470 496 1549 552 uariis
1563 496 1704 552 desideriis
1721 498 1813 563 brami-

1024 598 1071 638 nes
1084 583 1199 651 rapiunt,
1213 592 1241 639 et
1254 583 1281 638 in
1296 598 1370 641 mare
1386 584 1450 640 illud
1466 601 1591 656 magnum
1610 586 1725 642 nelaada
1743 603 1816 658 prae·

1024 675 1179 744 cipitatione
1191 675 1337 732 deducunt.
1357 677 1410 731 ista
1433 678 1503 733 enirn
1517 679 1570 732 duo
1591 695 1651 748 ouae
1663 694 1748 751 genus
1763 681 1816 737 bu·

1024 779 1132 819 manum
1159 766 1264 821 diversa
1297 764 1474 822 delectatione
1502 768 1662 835 rapiebant,
1695 769 1815 826 adventu

1026 853 1132 910 Domini
1147 866 1281 927 respecto,
1304 871 1319 910 s
1335 858 1389 912 suis
1402 857 1641 914 consuetudinibus
1665 872 1817 918 retrorsum

1025 946 1189 1016 prnripitsta
1203 947 1348 1002 redierunt.
1363 946 1396 1001 Et
1408 948 1470 1003 lieet
1484 947 1542 1003 buc
1556 947 1667 1005 historia
1679 950 1817 1008 reserator

1024 1037 1051 1091 in
1067 1037 1156 1091 l'eteri
1170 1038 1353 1102 testamento,
1369 1039 1428 1093 aliis
1443 1047 1530 1094 tamen
1547 1030 1590 1094 bie
1605 1041 1694 1096 serbis
1705 1050 1733 1098 et
1744 1042 1818 1099 siuri-

1025 1130 1179 1186 litudinibus
1207 1131 1358 1197 indicatur;
1391 1139 1420 1185 ιιι
1446 1133 1585 1189 euidenter
1613 1133 1817 1191 adverteremus

1025 1222 1133 1291 antiqua
1148 1222 1193 1276 illa
1217 1223 1283 1277 laeta
1299 1223 1432 1292 spirituali
1455 1224 1630 1295 intelligentia
1646 1226 1741 1282 salutis
1755 1243 1810 1282 no·

1026 1318 1089 1365 strae
1105 1312 1198 1366 indicia
1215 1314 1362 1368 nuntiasse.

1060 1399 1137 1455 Vere.
1153 1402 1180 1456 l.
1202 1400 1304 1457 Montes
1321 1403 1511 1458 exsultorsruut
1526 1412 1553 1456 ιιι
1571 1405 1673 1470 arieles,
1695 1415 1720 1460 et
1734 1407 1818 1461 colles

1028 1491 1092 1546 relat
1108 1492 1273 1563 opniooiuar.
1295 1493 1424 1548 Paulatim
1449 1494 1597 1549 euidentius
1619 1496 1759 1552 descendit
1783 1497 1818 1552 ad

1025 1595 1147 1657 tempora
1157 1587 1317 1642 Christiana.
1334 1588 1433 1643 dientes
1444 1589 1578 1658 apostolos
1587 1598 1615 1646 et
1625 1591 1818 1661 evangelistas,

982 1677 1013 1738 ‘B
1026 1681 1066 1736 rel
1081 1694 1175 1735 onrnes
1190 1680 1264 1734 verbi
1288 1681 1475 1750 praedicatores
1498 1681 1582 1752 accipi
1605 1697 1685 1753 posse
1700 1684 1819 1738 manile-

1029 1777 1098 1826 slum
1114 1781 1165 1835 est,
1191 1770 1237 1841 qui
1258 1779 1286 1825 et
1310 1785 1452 1841 supernam
1473 1773 1558 1828 lucem
1579 1775 1689 1830 aterris
1709 1777 1821 1831 rateris

1030 1865 1152 1935 primitus
1176 1873 1346 1933 aeceperunt.
1387 1865 1421 1919 Et
1449 1865 1545 1921 merito
1569 1877 1664 1920 montes
1688 1866 1820 1936 appellati

1029 1964 1101 2020 sunt,
1118 1963 1227 2023 propter
1242 1954 1393 2009 sanctitatis
1407 1954 1599 2022 amplissimum
1624 1968 1764 2021 cacumen,
1792 1966 1820 2010 et

1029 2043 1091 2099 bdei
1105 2044 1293 2099 solidissimam
1309 2045 1470 2099 llrmitatcm.
1486 2045 1531 2099 isti
1541 2046 1613 2101 enim
1629 2046 1821 2101 exsultooerasst

1030 2134 1056 2190 iu
1080 2134 1205 2203 operibus
1225 2135 1281 2188 suis
1304 2143 1424 2203 tanguam
1443 2135 1545 2201 arietes,
1565 2137 1609 2205 utri
1635 2135 1821 2191 fidelissimum

1030 2239 1136 2296 gregem
1151 2226 1183 2278 ad
1196 2225 1288 2280 caulas
1300 2225 1405 2281 Domini
1420 2225 1512 2282 divino
1529 2226 1665 2295 juramine
1681 2228 1817 2295 perduce-

1029 2315 1103 2371 bant.
1131 2315 1216 2370 Colles
1235 2324 1324 2371 autem
1350 2319 1560 2374 mediocritatem
1585 2319 1737 2388 significant
1764 2322 1820 2376 late

1029 2405 1208 2472 credentium,
1223 2422 1336 2474 quorum
1352 2416 1461 2478 pectora
1478 2408 1539 2464 lidei
1554 2409 1656 2464 semina
1670 2409 1821 2465 clbcaeitcr

1032 2508 1202 2569 aeceperunt.
1225 2500 1308 2555 Colles
1323 2502 1393 2554 enirn
1407 2499 1470 2555 dicti
1485 2509 1548 2555 sunt
1571 2516 1586 2553 a
1609 2501 1733 2556 colendo.
1767 2501 1820 2558 isra

1030 2591 1101 2644 euim
1124 2591 1300 2659 spiritualiter
1318 2590 1458 2656 advertere
1481 2607 1530 2648 nos
1546 2592 1645 2647 debere
1668 2594 1736 2647 ratio
1762 2593 1820 2662 ipsa

1032 2681 1181 2748 compellit,
1197 2683 1304 2751 qrraudo
1319 2683 1351 2738 ad
1368 2685 1483 2740 litteram
1497 2685 1659 2740 omnimodis
1672 2687 1822 2755 probantur

1031 2771 1155 2843 absurda.
1173 2771 1206 2826 Ει
1222 2773 1281 2828 ideo
1296 2775 1400 2843 respice
1409 2791 1461 2844 qaia
1475 2776 1605 2831 suavitate
1621 2776 1723 2845 priores
1742 2780 1820 2833 simi-

1031 2861 1156 2919 litudines
1170 2864 1203 2919 ad
1224 2864 1292 2919 banc
1306 2865 1510 2935 intelligentiam
1535 2867 1661 2922 ridentur
1683 2882 1743 2923 esse
1759 2884 1821 2938 per-

1031 2953 1130 3021 duciae,
1155 2964 1183 3010 ut
1196 2957 1349 3025 sibiomnia
1360 2958 1538 3029 pulcherrima
1551 2961 1694 3016 collatione
1706 2976 1822 3033 respon·

192 3029 275 3084 idest
295 3043 310 3082 a
335 3027 486 3083 demonum
512 3026 588 3081 turba
611 3026 766 3089 liberamur,
793 3026 899 3094 quando
914 3027 977 3080 bar·
995 3043 1120 3106 egeam,

192 3119 290 3175 barleus
304 3118 456 3174 severitatis
472 3118 542 3172 iliius
563 3116 623 3187 jura
639 3131 690 3171 non
707 3116 842 3186 patimur;
863 3127 891 3171 et
914 3132 979 3173 sere

190 3208 330 3264 reddimur
344 3208 482 3273 israelite,
506 3222 568 3261 eum
587 3221 691 3276 pompa·
707 3206 796 3261 mundi
810 3206 888 3274 hujus
902 3222 917 3261 a
931 3222 979 3262 no·

191 3308 246 3353 stra
261 3298 392 3366 coeperint
414 3306 503 3353 mente
517 3294 667 3356 discedere.
690 3295 821 3352 Rariores
843 3309 934 3353 autem
963 3314 977 3351 a

192 3389 273 3443 barba
285 3396 313 3442 et
324 3402 386 3442 rure
400 3387 487 3442 dictus
499 3397 548 3454 est,
562 3389 632 3457 quod
644 3403 776 3456 rrurrquam
791 3389 817 3442 in
831 3390 979 3445 urberixe·

193 3482 243 3549 rit,
266 3483 312 3536 sed
325 3495 431 3550 semper
449 3490 478 3537 ιιι
498 3480 553 3536 lera
569 3482 595 3535 in
610 3481 681 3551 agris
695 3480 830 3536 habitasse
843 3492 977 3538 noscatur.

194 3571 291 3626 Domus
306 3586 369 3628 nero
382 3569 463 3626 iacob
475 3571 606 3627 veraciter
619 3570 762 3640 eldcimur,
783 3573 891 3643 quando
905 3573 981 3629 cbi-

192 3662 273 3718 stiani
286 3662 418 3732 dogmatis
436 3669 568 3731 praerepta
583 3674 732 3717 servamus.

233 3754 309 3812 llers.
321 3755 349 3809 Ξ.
370 3753 453 3808 l'arto
472 3763 508 3809 est
529 3754 621 3808 ledea
635 3754 804 3820 sanctificetis
818 3757 884 3826 ejus,
899 3755 981 3811 lsrael

195 3840 307 3916 potestas
324 3845 401 3915 eius:
423 3843 506 3898 lsrael
525 3844 640 3915 repectit
661 3847 688 3898 in
700 3861 742 3899 eo.
762 3845 824 3899 Tria
840 3849 889 3900 ista
904 3861 980 3903 com·

194 3943 266 3988 mata
283 3949 375 3989 versus
387 3932 464 4004 liujus
479 3934 561 3987 diuisa
577 3935 744 4002 expositione
757 3949 910 3994 noscamus,
931 3935 982 3991 lu·

194 4022 275 4075 deant
289 4022 350 4093 [ms.
368 4022 399 4078 G.
415 4031 441 4077 et
456 4023 511 4086 ed.,
524 4020 631 4092 Jrrdnnr}
646 4023 762 4078 diximus
777 4039 830 4078 non
844 4027 931 4081 solum
946 4027 980 4082 sd

195 4111 367 4167 ltebraorum
384 4113 518 4181 pertinere
531 4113 678 4178 nationem,
695 4113 741 4167 sed
755 4113 787 4168 ad
804 4129 899 4169 omnes
915 4114 980 4170 bde-

194 4201 234 4258 les
249 4217 326 4270 posse
348 4206 493 4274 respicere.
510 4203 595 4260 Verus
610 4207 681 4261 enim
705 4205 786 4262 ludas
801 4206 923 4263 Salvator
939 4216 980 4263 est

195 4294 334 4360 Dominus,
355 4295 383 4350 iu
405 4311 458 4366 quo
482 4312 593 4366 regnum
616 4307 644 4352 et
656 4308 774 4367 potestas
788 4298 978 4367 israelitarum,

196 4382 278 4438 idest
298 4383 445 4439 ridentium
461 4385 542 4439 Deum
564 4387 682 4441 noscitur
696 4400 756 4441 esse
772 4397 918 4456 perpetus;
944 4393 978 4442 ita
992 4413 1021 4474 D
1033 4417 1127 4484 nodus,
1150 4417 1175 4472 id
1201 4427 1242 4474 es,
1268 4419 1392 4491 repetitio

193 4477 240 4546 qui
257 4490 317 4530 eom
335 4477 493 4530 cirerrmciso
517 4477 598 4531 eorde
619 4487 777 4546 moriuntur,
802 4480 888 4535 ludsci
903 4497 980 4535 vera-

196 4566 264 4622 citer
277 4572 473 4635 nenerrpantur.
496 4564 610 4620 Potestas
625 4578 713 4621 autem
736 4569 792 4634 cius
812 4566 896 4623 lsrael
910 4571 981 4624 dicta

197 4666 250 4725 est,
265 4656 388 4726 quoniam
401 4656 498 4726 inipso
512 4671 605 4725 magua
621 4657 749 4712 miracula
764 4659 879 4726 propriu
896 4663 980 4714 virtu-

198 4747 232 4803 tis
254 4746 382 4803 ostendit.
402 4746 467 4801 Nam
487 4747 531 4802 ubi
554 4747 599 4802 ille
624 4762 677 4802 non
704 4747 783 4804 babet
810 4759 978 4820 potestatem,

196 4841 242 4911 gui
256 4839 343 4893 omnia
357 4839 482 4909 querab
498 4838 559 4893 lacit
575 4840 600 4893 in
616 4840 683 4895 coeio
695 4849 722 4894 et
735 4839 761 4893 in
778 4841 870 4896 terrai
887 4842 982 4911 Sequi·

198 4939 250 4996 tur,
266 4929 348 4984 lsrael
360 4929 475 5001 regnabit
490 4929 517 4982 iu
526 4944 557 4982 ea
567 4943 577 4992 ,·
587 4929 688 4985 scilicet
701 4931 825 4999 quoniam
838 4931 878 4984 uir
889 4930 982 4987 ridens

197 5020 282 5075 Ιιιιιιιι
295 5019 322 5075 io
337 5019 414 5075 beata
430 5020 477 5075 illa
495 5022 703 5090 congregatione
716 5023 901 5093 regnabis-ubi
917 5037 979 5078 sau·

196 5110 233 5165 cti
247 5116 311 5166 sunl
323 5110 485 5171 omnimodis
498 5112 686 5182 congregandi.

235 5227 311 5282 less.
330 5225 356 5277 b.
377 5221 452 5276 ltere
473 5223 545 5292 utute,
566 5232 589 5276 el
604 5208 690 5295 lttgt'l‚·
710 5223 835 5278 lordonis
851 5240 983 5282 conomius

196 5331 236 5375 est
249 5329 400 5373 retrorsum.
421 5315 521 5372 Videas
544 5318 673 5386 propbeta
698 5317 843 5386 ingentium
868 5320 984 5375 miraeu-

200 5412 285 5465 lorum
310 5422 340 5464 se
355 5407 425 5463 mole
447 5408 579 5477 superari,
603 5408 727 5461 vitiorum
748 5409 866 5463 omnium
889 5424 984 5467 causas

1068 3137 1144 3193 Vers.
1156 3139 1183 3194 5.
1205 3138 1273 3205 Quid
1286 3153 1322 3196 est
1338 3142 1393 3208 libi,
1412 3159 1492 3210 mare,
1514 3144 1584 3214 prtod
1598 3145 1688 3218 lepisti
1697 3163 1709 3213 ,·
1731 3157 1757 3201 et
1780 3156 1821 3214 tu,

1030 3228 1165 3295 lordonis,
1186 3233 1264 3302 quare
1279 3250 1413 3289 censemus
1432 3252 1458 3289 es
1479 3253 1506 3290 re
1518 3239 1643 3292 rursum?
1664 3238 1822 3295 Quodam

1031 3319 1178 3394 ingreditur
1192 3322 1312 3388 modum,
1327 3324 1353 3378 io
1369 3340 1422 3393 quo
1436 3324 1533 3381 decora
1555 3328 1730 3399 interrogatio
1748 3345 1818 3399 prae

1031 3411 1153 3479 mittitur,
1172 3424 1202 3468 ιιι
1216 3415 1369 3471 dulcissima
1386 3421 1525 3486 responsio
1540 3421 1726 3491 subsequatur.
1753 3423 1821 3492 Quae

1032 3499 1113 3571 ligura
1128 3501 1225 3557 dieitur
1239 3505 1330 3574 peusis
1344 3515 1370 3561 et
1385 3509 1527 3576 apocrisis,
1544 3509 1639 3567 batiae
1658 3522 1820 3583 pereuncta-

1031 3591 1069 3646 tio
1080 3601 1159 3662 atque
1173 3595 1322 3663 responsio.
1340 3595 1493 3668 Requiritur
1506 3600 1578 3656 enim
1600 3618 1682 3670 ruore,
1705 3601 1822 3660 discuti·

1031 3690 1075 3738 ιιιι
1088 3683 1184 3740 llurius
1198 3698 1247 3740 cnr
1268 3700 1331 3742 suas
1352 3690 1560 3766 eonsuetudines
1576 3693 1772 3762 perdiderunt;
1789 3705 1820 3750 ιιι

1031 3776 1089 3848 ipsa
1102 3793 1211 3848 gressus
1229 3780 1379 3847 debuerint,
1403 3798 1463 3854 quae
1477 3785 1579 3855 pridem
1595 3786 1713 3842 insoluta
1726 3789 1820 3859 omnia

1032 3869 1181 3938 rapiebant.
1205 3870 1238 3925 tit
1263 3872 1331 3927 bene
1350 3873 1470 3930 additum
1494 3884 1545 3942 est,
1568 3887 1729 3933 retrorsum:
1753 3894 1822 3949 que

1033 3960 1103 4014 uiam
1121 3962 1256 4018 universae
1270 3966 1450 4020 correctiones
1472 3974 1537 4022 tunc
1550 3967 1628 4023 nobis
1647 3971 1821 4039 proveniunt,

1031 4052 1138 4122 quando
1153 4054 1257 4110 Domini
1273 4055 1403 4113 benedeio
1421 4068 1511 4114 nostra
1525 4074 1554 4115 se
1569 4059 1692 4118 instituta
1704 4076 1821 4118 conser-

1033 4151 1098 4198 ιιιιιι.
1123 4145 1186 4200 Nam
1202 4147 1271 4217 guod
1292 4163 1361 4218 pene
1374 4150 1431 4218 ipsa
1451 4150 1557 4220 repetiit
1569 4166 1628 4221 que
1640 4151 1766 4222 superius
1779 4152 1820 4209 dl·

1031 4237 1089 4290 xil:
1105 4236 1172 4302 Quiri
1183 4248 1219 4291 est
1230 4239 1285 4304 tibi,
1301 4256 1382 4307 utare,
1397 4242 1466 4310 pseud
1477 4243 1566 4312 fugisti
1577 4259 1586 4307 ,·
1599 4252 1621 4296 rt
1632 4252 1671 4310 lu,
1681 4241 1820 4313 ludente,

1031 4342 1110 4394 quere
1122 4344 1255 4385 conuersus
1270 4347 1297 4385 es
1311 4333 1472 4386 retrorsum?
1490 4333 1540 4387 alia
1563 4334 1645 4404 bgura
1667 4344 1727 4399 est,
1752 4350 1819 4405 epa·

1419 4437 1508 4478 reram
1534 4439 1593 4495 que
1609 4424 1722 4495 junctim
1737 4427 1820 4484 dictae

1032 4521 1103 4566 sunt.
1668 4586 1672 4591 ι

1069 4600 1145 4655 Vers.
1162 4601 1189 4656 6.
1211 4601 1321 4673 Montes,
1341 4621 1420 4676 qaaere
1440 4606 1585 4662 essultostis
1608 4617 1635 4662 ut
1655 4609 1747 4664 arietes
1760 4627 1771 4677 ,⁰
1784 4621 1821 4678 et,

1032 4689 1120 4756 eolles,
1135 4692 1201 4745 uelut
1217 4695 1278 4764 ugni
1296 4695 1402 4748 ouium?
1421 4694 1542 4751 Priorum
1556 4711 1682 4753 versuum
1694 4697 1821 4755 ordinem

1034 4781 1196 4846 custodirit3
1218 4783 1256 4838 sie
1277 4784 1347 4840 enim
1363 4785 1412 4841 sub
1427 4787 1480 4841 alio
1495 4788 1614 4843 modoet
1636 4788 1679 4844 bie
1692 4800 1753 4844 sunt
1767 4805 1822 4859 po-

1034 4871 1089 4936 siti,
1103 4872 1168 4925 sicut
1185 4872 1211 4927 in
1228 4872 1311 4941 prima
1327 4875 1458 4929 diuisione
1479 4876 1603 4930 sidentur
1622 4891 1684 4934 esse
1704 4881 1818 4936 narrati.

1036 4960 1183 5032 interrogat
1194 4965 1265 5017 enim
1278 4964 1406 5043 securium
1422 4981 1468 5034 per
1478 4966 1606 5026 marerel
1622 4967 1739 5035 Durium,
1758 4969 1823 5039 quid

1035 5051 1114 5107 luerit
1128 5053 1200 5121 qaod
1214 5052 1272 5122 ejus
1297 5054 1438 5123 ligamenta
1453 5056 1539 5112 soluta
1563 5058 1625 5112 sint.
1644 5059 1677 5112 Et
1691 5062 1820 5127 quoniam

1035 5154 1095 5201 erat
1109 5161 1160 5202 una
1176 5148 1315 5217 responsio
1327 5158 1461 5215 secutura,
1487 5158 1514 5204 et
1535 5149 1717 5225 ,illosquosue
1734 5152 1821 5208 iuter·

1036 5242 1114 5307 rogat
1126 5238 1170 5307 oui
1185 5239 1324 5294 assalturis
1338 5240 1471 5308 precipue
1481 5240 1651 5296 ridebantur.
1664 5239 1738 5297 Unus
1751 5245 1825 5305 enim

1036 5325 1137 5381 lluctor
1151 5337 1178 5383 et
1193 5329 1237 5381 illa
1260 5328 1535 5398 iecitolsrupeseere,
1562 5341 1590 5386 et
1616 5331 1673 5387 brae
1698 5337 1826 5404 praestitit

1036 5413 1087 5468 laxa
1100 5418 1275 5484 prosperitate
1289 5419 1414 5487 gaudere.

198 5501 302 5555 duabus
324 5498 499 5554 allusionibus
515 5498 668 5568 plenissima
688 5498 819 5553 orerttne
841 5502 983 5557 conclusit.
1071 5504 1152 5575 387
1163 5505 1240 5560 bers.
1256 5509 1281 5560 i.
1304 5509 1405 5579 speeie
1420 5508 1522 5563 Domini
1543 5520 1667 5565 commeta
1685 5521 1824 5582 estterro,

204 5587 288 5653 llere,
314 5586 467 5658 frequenter
489 5585 607 5642 diximus
628 5598 782 5658 peccatores
801 5588 879 5643 istius
893 5591 984 5658 saculi
1035 5611 1051 5648 o
1073 5596 1137 5666 lacte
1153 5595 1200 5650 Dei
1213 5597 1305 5653 laced.
1326 5596 1420 5654 Ξιιιιιι
1437 5608 1479 5656 est
1493 5610 1649 5673 competens
1672 5616 1732 5674 guar
1747 5618 1826 5674 para-
