3794 6128
214 328 259 385 lbi

815 315 851 369 lt.
872 310 1010 369 thaath
1029 310 1231 372 cassttthtrttt

1799 304 1852 368 las.

212 434 353 494 rlaruuaudi
374 441 445 489 suut.
461 429 547 498 ttogar
561 441 624 496 ergo
644 440 678 480 ue
698 434 759 479 tunc
774 424 806 477 ab
822 425 880 491 ipso
896 420 1002 475 declinet
1018 427 1043 483 Α
1058 420 1143 475 lactes
1157 436 1220 490 ergo
1236 417 1317 486 iniqui
1336 410 1442 473 iactant
1466 410 1555 474 Udsuh
1573 418 1719 486 ldumccus,
1740 432 1852 493 egetque

213 529 360 591 Dominus,
375 520 482 592 quando
497 516 597 572 sanctis
610 513 711 569 vultum
727 527 782 566 sum
798 513 945 579 rrrajcstatis
961 512 1000 559 in-

212 617 334 671 dulserit.
363 613 448 667 Homo
472 606 587 664 carnalis
607 605 691 660 Deum
723 604 812 667 timet,
835 616 867 655 ne
888 600 1004 666 pcccatis

212 705 414 776 ingravantibus
424 709 468 754 aut
483 697 658 754 substantiam
671 695 774 763 perdat,
791 704 836 746 aut
846 694 914 745 trtius
926 691 1005 744 anrit-

212 806 262 860 tat,
275 797 329 866 90
344 803 390 847 aut
404 791 479 860 copia
492 789 551 843 auri
563 785 719 855 argentique
734 785 881 836 minuatur:
897 789 1005 834 sanctus

212 899 300 943 arrteur
313 877 352 941 uir
366 886 417 938 hoc
429 891 532 936 tautum
548 878 653 941 metuit,
668 890 727 929 nea
740 876 813 928 uultu
828 872 932 927 ttomtni
945 869 1005 925 red-

212 980 290 1032 datur
301 976 416 1029 alienus.

249 1067 326 1122 Vens.
342 1063 386 1118 tt.
401 1063 511 1130 adiutor
534 1075 604 1113 meus
629 1066 692 1122 esto,
715 1071 747 1107 ue
762 1052 924 1120 derelinques
949 1065 1004 1115 rare,

213 1175 291 1227 uque
314 1157 440 1225 despicias
462 1168 521 1216 ure,
547 1149 615 1203 Deus
634 1145 757 1200 salutaris
778 1158 857 1196 naeus.
874 1139 925 1194 Ubi
945 1145 1008 1193 suut

213 1251 260 1317 qui
282 1249 404 1302 lruruauis
431 1244 534 1298 meritis
561 1242 653 1294 dicunt
680 1234 778 1304 aliquid
802 1229 1007 1302 applicandum?

216 1340 286 1394 l'etit
306 1354 352 1392 rcs
366 1348 395 1391 et
406 1335 548 1405 propheta,
571 1333 665 1400 plenus
684 1327 769 1396 gratia
783 1333 810 1378 et
822 1321 1008 1377 benedictione

214 1432 328 1496 coelesti,
343 1444 377 1482 ue
390 1428 553 1482 deseratura
570 1422 691 1477 Domino.
700 1419 756 1474 Scit
769 1418 840 1471 enirn
852 1413 913 1484 quia
924 1414 947 1467 si
964 1412 1008 1466 ille

215 1522 370 1592 reliquerit,
391 1521 463 1574 nulla
485 1533 514 1572 se
534 1524 651 1585 potestas
666 1508 941 1586 regereupraevuetrtt.
955 1506 1009 1560 lice

215 1616 299 1670 semel
313 1615 337 1667 ci
353 1613 462 1680 petiisse
474 1608 583 1674 sulhcit,
600 1606 650 1659 nisi
667 1603 717 1656 hoe
732 1601 819 1668 ipsum
835 1600 886 1652 sub
909 1600 1007 1668 cerreti·

218 1709 291 1761 tione
301 1705 461 1774 geminaret.
474 1698 657 1768 Despicieuiut
668 1709 774 1762 semper
787 1691 885 1745 addicti
897 1702 947 1754 cst,
960 1703 1009 1743 uec

1060 514 1173 578 similes,
1188 515 1233 581 crui
1249 529 1309 570 euru
1326 515 1499 584 prodiderunt
1514 514 1587 569 Sauli
1604 513 1758 584 apropheta
1770 515 1851 570 ttcbi·

1057 608 1160 661 melech
1183 606 1266 662 luisse
1280 618 1443 676 susceptum,
1458 617 1484 662 et
1495 607 1612 677 gladium
1627 607 1665 661 illi
1676 615 1851 678 sumptusque

1057 701 1149 763 datns;
1163 698 1234 768 quod
1250 713 1298 751 rex
1314 698 1462 753 sacerdotis
1475 707 1555 766 atque
1570 696 1683 752 liliorum
1694 697 1753 765 ejus
1763 706 1850 753 merle

1057 788 1196 842 reserauit.
1213 785 1313 840 llcntiti
1336 796 1398 841 suut
1422 787 1493 841 enim
1515 788 1636 841 diceutes
1651 794 1744 840 contra
1759 800 1850 855 regent

1059 877 1166 932 Saulem
1181 877 1261 931 liatid
1278 879 1392 939 con-ilia
1406 878 1486 931 luisse
1499 876 1574 942 data,
1597 876 1735 945 Deumque
1756 890 1804 944 pro
1818 891 1853 932 ee

1058 968 1138 1022 inisse
1150 968 1332 1035 depreeatuuq
1349 966 1418 1034 quad
1435 965 1514 1020 latius
1530 965 1632 1034 lteguru
1647 973 1735 1020 textus
1746 965 1851 1036 cloqui-

1058 1069 1100 1114 tur
1111 1059 1143 1130 (l
1159 1060 1220 1129 lleq.
1234 1059 1310 1127 xxti).
1325 1057 1508 1113 Pulcherrima
1522 1065 1610 1111 autern
1625 1056 1692 1111 dixit
1711 1056 1774 1125 sibi,
1791 1056 1852 1126 quia

1059 1149 1189 1204 mendacii
1210 1150 1251 1203 sui
1274 1164 1366 1218 prunas
1383 1148 1477 1218 recipit
1490 1149 1534 1217 qui
1560 1147 1654 1200 laisum
1668 1146 1852 1202 testimonium

1059 1240 1178 1309 prolerre
1191 1242 1338 1296 contendit.
1354 1241 1431 1306 Siue,
1450 1248 1478 1293 ut
1499 1239 1544 1292 alii
1566 1240 1673 1301 dicunt,
1698 1239 1797 1293 idioma
1813 1246 1854 1293 est

1060 1334 1205 1401 scripture
1221 1334 1329 1397 diviua,
1345 1342 1372 1386 ut
1388 1348 1436 1401 pro
1451 1333 1576 1402 singulari
1599 1330 1710 1402 pluralis
1723 1344 1852 1385 uumerus

1059 1435 1219 1497 apponatur;
1237 1437 1263 1480 et
1283 1428 1377 1480 iterum
1396 1426 1505 1495 pluralis
1527 1440 1574 1493 pro
1596 1424 1723 1493 singulari
1739 1437 1853 1478 numere

1059 1522 1208 1575 inueniatur
1222 1519 1371 1587 alirunnas,
1386 1520 1455 1571 sicut
1468 1519 1502 1572 de
1517 1517 1621 1572 llerode
1636 1526 1741 1571 nrortuo
1755 1517 1853 1587 legitur

1059 1611 1183 1666 dictum:
1205 1607 1300 1662 Mortui
1324 1618 1383 1662 ruat
1407 1609 1451 1676 qui
1468 1606 1612 1677 querebant
1639 1608 1752 1660 animam
1781 1609 1855 1677 pueri

1060 1684 1167 1773 (llatrh.
1186 1715 1213 1763 u,
1227 1700 1290 1770 ill);
1308 1701 1347 1752 rel
1360 1699 1444 1769 bloysi
1459 1697 1492 1752 de
1503 1697 1640 1751 Pharaone
1654 1699 1853 1767 pronuntiatum

216 1810 327 1852 ⁸⁸⁰¹¹f¹¹⁵
342 1793 416 1848 seddi
432 1800 530 1861 P⁰²e⁸b
547 1789 596 1842 ¹¹l⁵5
612 1784 804 1857 quemjud'tcis
820 1796 931 1837 selenus
943 1795 1006 1834 ⁰⁰¹¹·
1025 1803 1121 1869 gest:
1137 1792 1205 1855 Quia
1227 1791 1320 1843 mortui
1340 1799 1400 1842 suut
1420 1789 1462 1857 qui
1484 1788 1628 1858 querebant
1648 1789 1761 1841 euiurant
1786 1799 1855 1842 tuam

217 1889 260 1942 lus
271 1887 397 1941 intuetur.

253 1976 328 2030 vers.
343 1974 387 2028 ts.
403 1973 530 2039 Querulum
548 1979 619 2040 pater
631 1983 700 2021 meus
712 1974 735 2021 et
751 1974 832 2018 mater
848 1979 903 2018 mea
918 1961 1012 2017 dereli-

217 2076 324 2138 querunt
337 2080 397 2119 rue:
415 2062 540 2117 Dominus
562 2070 646 2113 erstem
670 2057 808 2124 assumpsit
832 2072 881 2108 me.
907 2052 1013 2108 Patrem

218 2174 297 2214 suunt
311 2156 395 2211 hdaru
412 2155 526 2224 primum
543 2151 677 2203 hominem
688 2150 763 2211 dicit,
778 2153 885 2198 matrem
898 2158 1010 2198 uxorem

219 2252 278 2319 ejus
302 2247 399 2309 Eram,
424 2243 494 2298 nude
509 2240 646 2312 generatio
663 2240 778 2290 humana
800 2234 948 2289 descendit.
966 2235 1011 2288 lsti

219 2355 284 2409 ergo
308 2338 475 2405 reliquerunt
498 2331 653 2386 contuitione
678 2327 800 2390 mortali,
817 2340 865 2379 nec
893 2325 1013 2379 enutrire

221 2425 486 2497 valuerunt,quaudo
497 2423 531 2477 de
542 2424 592 2476 ltac
605 2421 663 2475 luce
675 2418 795 2474 translati
807 2423 877 2470 sunt.
886 2414 1014 2480 Quamuis

221 2523 291 2576 istud
303 2521 336 2575 de
349 2520 407 2588 ejus
417 2515 582 2587 genitoribus
595 2513 679 2583 possit
693 2509 818 2578 intelligi:
830 2508 891 2577 quia
901 2506 1012 2561 domum

222 2611 360 2682 patrissui
376 2616 522 2676 rnatrtsquc
534 2614 596 2659 tuuc
611 2601 765 2670 dereliquit,
782 2598 888 2669 quando
902 2611 917 2652 a
932 2611 1014 2666 popu·

221 2708 255 2760 lis
270 2702 390 2759 llchrais
410 2699 442 2753 ad
463 2697 537 2768 regui
559 2695 665 2750 cuhuen
690 2700 797 2747 evectus
811 2699 863 2745 cst.
877 2689 1013 2760 Sequitur,

222 2795 350 2848 boarium
370 2800 454 2844 aretem
478 2787 617 2858 assumpsit
642 2801 697 2850 rue,
726 2783 753 2837 iu
768 2783 828 2837 loco
842 2780 943 2837 scilicet
958 2780 1014 2835 reri

222 2887 352 2955 pareatis.
372 2883 450 2936 Peter
463 2890 504 2936 est
518 2879 579 2950 quia
604 2877 734 2942 condidit,
752 2878 813 2947 quia
835 2877 919 2947 regit3
935 2886 1015 2928 urerer

222 2981 283 3049 quia
297 2978 380 3042 locet,
396 2976 458 3045 quia
475 2973 597 3028 ialirruos
610 2979 638 3025 et
652 2969 779 3039 paruulos
794 2967 887 3022 lactat.
909 2968 1016 3022 aarum·

219 3071 271 3142 psit
293 3085 356 3125 rere
378 3067 454 3134 dixit,
484 3065 534 3118 lroc
559 3072 615 3130 est,
639 3062 673 3117 de
694 3062 796 3129 privata
812 3060 965 3115 corilitioue
988 3058 1015 3111 iu

223 3176 305 3230 regno
320 3157 418 3229 posutr.

259 3250 338 3305 Veis.
355 3249 399 3304 lb'.
413 3246 503 3318 Legem
515 3245 577 3299 milri
589 3245 723 3310 constitue,
736 3242 856 3311 Dareine,
871 3245 897 3299 in
908 3245 948 3298 oia
959 3254 1013 3310 tue,

224 3351 248 3395 et
261 3342 343 3410 diripe
357 3356 396 3393 me
411 3340 436 3391 ia
450 3337 539 3393 semita
553 3345 622 3390 recte
636 3346 739 3406 prepter
749 3337 864 3390 inimicas
877 3352 955 3389 utres.
968 3335 1016 3389 Le·

223 3452 279 3507 geru
293 3433 344 3488 sihi
354 3432 434 3486 statui
449 3432 520 3485 illam
535 3429 622 3498 potius
634 3426 739 3481 Domini
753 3429 913 3494 deprecatur
924 3428 1016 3481 Satra-

226 3527 303 3595 toris,
320 3540 372 3594 qtra
393 3524 527 3578 dehitares
543 3519 664 3574 noscitur
679 3520 808 3573 liberasse
831 3519 1014 3586 pergratiam.

226 3618 312 3689 hlopsi
326 3617 397 3671 enim
413 3613 454 3668 les
470 3613 515 3667 illo
538 3621 658 3681 tempore
675 3609 731 3679 iam
745 3609 805 3663 data
821 3618 893 3675 crat;
911 3609 1016 3662 llorrriui

131 3757 134 3763 ,
224 3718 312 3763 autem
338 3706 496 3776 sperabatur
518 3717 578 3758 esse
594 3709 721 3767 ventura,
738 3715 817 3769 quam
832 3700 881 3755 sihi
900 3701 1016 3770 postulat

223 3798 324 3854 debere
337 3795 467 3850 constitui.
479 3791 513 3846 ln
527 3793 566 3845 aia
577 3800 631 3856 tua,
644 3790 670 3844 id
682 3791 760 3845 estin
775 3790 880 3844 Christo
892 3800 954 3855 tuo,
970 3789 1015 3859 qui

224 3901 266 3944 cst
278 3889 333 3953 uia,
350 3887 457 3951 acrites,
473 3893 497 3937 et
518 3883 569 3935 rita
583 3880 677 3951 (loen.
694 3895 747 3945 xrs,
760 3880 804 3949 6).
821 3881 870 3934 llle
891 3882 961 3935 cuim
976 3895 1016 3935 vc·

136 4000 140 4006 ’
226 3980 316 4034 uieute
327 3961 404 4047 juste
412 3976 599 4046 presumebat,
612 3976 672 4043 quia
684 3989 743 4028 earn
754 3982 782 4028 et
793 3977 890 4029 docere
901 3983 1014 4043 poterat,

223 4082 251 4127 ct
274 4070 379 4141 iruplcri
393 4084 470 4140 posse
488 4068 641 4138 praestabat.
659 4066 783 4122 Samitem
799 4081 861 4121 rere
874 4067 931 4136 jam
946 4067 1014 4121 disi·

224 4178 284 4217 tuus
302 4161 334 4216 ad
362 4161 560 4228 Scripturarum
575 4158 776 4230 intelligentiam
791 4157 934 4228 pertinere.
949 4157 1013 4213 Pre-

223 4264 299 4309 eatur
310 4267 373 4321 ergo
385 4251 512 4321 propheta
526 4259 553 4303 ut
562 4249 665 4304 Veteris
674 4251 837 4305 Testamenti
851 4260 922 4305 recte
932 4251 1016 4306 libros

1075 1884 1158 1940 Eead.
1170 1900 1207 1948 tr,
1221 1885 1274 1953 ltt).

1062 1887 1072 1958 (
1098 1976 1176 2031 Vers.
1192 1973 1234 2028 18.
1248 1971 1331 2028 Credo
1343 1972 1427 2026 uidere
1440 1971 1505 2025 borsa
1518 1967 1621 2024 Domini
1633 1971 1660 2023 ia
1682 1981 1750 2024 terre
1770 1971 1853 2024 ainau·

1062 2067 1136 2119 tium.
1154 2064 1283 2134 Exspecta
1310 2063 1458 2117 Dominum.
1484 2063 1627 2132 Postquam
1654 2061 1750 2116 multis
1768 2062 1855 2118 modis

1063 2156 1204 2211 Dominum
1228 2156 1387 2222 deprecatus
1414 2163 1457 2208 est
1477 2167 1512 2208 ue
1528 2153 1751 2221 persequentibus
1768 2154 1855 2208 trade·

1064 2257 1147 2312 retur,
1161 2247 1193 2300 ad
1208 2245 1375 2300 confidenti-e
1386 2258 1440 2298 sure
1452 2244 1521 2300 redit
1532 2243 1671 2309 auxilium,
1687 2244 1793 2313 sibique
1805 2245 1855 2314 ipsi

1064 2337 1194 2409 promittit
1208 2336 1279 2406 quod
1304 2336 1369 2389 berre
1383 2334 1466 2389 uideat
1480 2335 1587 2389 interra
1606 2335 1754 2401 uiuentium,
1769 2334 1795 2389 id
1815 2343 1856 2390 est

1066 2429 1091 2483 iu
1109 2428 1194 2482 lutura
1208 2428 1281 2492 rita,
1300 2425 1343 2481 abi
1359 2426 1426 2480 hana
1441 2435 1503 2479 sunt
1517 2426 1689 2494 sempiterna.
1702 2426 1735 2480 Et
1750 2427 1857 2496 proprie

1064 2519 1165 2575 dictum
1185 2527 1226 2572 est
1240 2516 1421 2570 terramillam
1437 2531 1496 2570 esse
1508 2517 1653 2583 uiuentium,
1665 2517 1791 2586 quoniam
1807 2519 1857 2571 ista

1065 2608 1298 2667 morientiumcst.
1307 2607 1357 2676 Qui
1373 2616 1458 2663 status
1470 2607 1540 2678 apud
1556 2617 1675 2664 oratores
1690 2608 1787 2663 dicitur
1799 2609 1856 2664 col·

1065 2700 1190 2766 lecticas,
1203 2701 1353 2769 quaudees
1374 2700 1475 2768 scripto
1492 2697 1628 2769 colligitur
1649 2698 1675 2753 id
1696 2698 1767 2768 quod
1791 2699 1858 2754 scri·

1066 2803 1139 2863 ptum
1155 2800 1272 2858 nonest,
1288 2799 1317 2844 ut
1337 2790 1421 2859 perid
1437 2790 1563 2846 doccatur
1574 2806 1633 2846 esse
1646 2806 1678 2846 ac
1695 2792 1718 2847 si
1729 2792 1857 2861 scriptum

1068 2884 1170 2940 luisset.
1188 2882 1224 2938 lta
1238 2891 1266 2938 ct
1285 2882 1329 2936 hic
1351 2882 1437 2935 lutura
1459 2882 1568 2951 praemia
1587 2897 1620 2937 ex
1640 2882 1859 2937 antecedentibus

1067 2974 1204 3028 beueliciis
1223 2973 1272 3028 sibi
1293 2971 1379 3041 credit
1391 2986 1451 3026 csse
1464 2982 1586 3028 uentura.
1605 2971 1707 3026 Teuma
1720 2981 1808 3026 autern
1821 2972 1859 3026 ri·
1886 3011 1888 3014 ψ

1067 3068 1186 3134 rentiam,
1203 3066 1308 3136 proprie
1329 3064 1467 3133 Scriptura
1483 3073 1675 3119 commemorat
1688 3063 1788 3117 diviua.
1804 3062 1859 3117 ud·

1027 3161 1149 3247 editam
1162 3167 1203 3214 est
1218 3176 1224 3211 ε
1242 3157 1368 3226 Exspecta
1383 3156 1532 3220 Dominum,
1553 3156 1655 3210 scilicet
1676 3157 1721 3225 qui
1746 3157 1860 3226 promit-

1068 3251 1148 3305 tendo
1164 3265 1216 3304 uon
1235 3248 1318 3314 lallit,
1343 3248 1386 3318 qui
1407 3247 1557 3317 praestando
1572 3262 1625 3299 uon
1646 3247 1776 3316 imputat,
1792 3247 1861 3302 sieut

1066 3343 1182 3399 lacobus
1197 3342 1333 3412 apostolus
1348 3341 1403 3395 ait:
1420 3340 1470 3406 Qui
1491 3340 1535 3392 det
1549 3340 1664 3393 omuibus
1683 3338 1825 3407 affluenter,
1837 3349 1861 3394 st

1066 3452 1117 3489 uon
1129 3436 1286 3505 improperat
1300 3431 1370 3502 (lae.
1389 3447 1411 3497 t,
1426 3431 1463 3499 ὅ).

1104 3527 1178 3580 Vers.
1198 3526 1239 3580 19.
1259 3523 1372 3578 Viriliter
1385 3539 1442 3593 uqe,
1457 3533 1481 3577 et
1496 3523 1654 3594 conferretur
1668 3539 1713 3577 car
1734 3532 1807 3577 taum
1817 3565 1826 3591 ,
1838 3530 1861 3578 et

1066 3617 1162 3670 sustine
1175 3615 1323 3669 Dominum.
1336 3613 1469 3682 Quoniam
1479 3615 1610 3683 superiori
1620 3604 1697 3669 rersu
1708 3614 1861 3671 crediderat

1067 3709 1158 3764 uidere
1174 3723 1203 3762 se
1224 3708 1296 3762 bona
1319 3706 1436 3772 bantini,
1460 3723 1531 3761 nunc
1550 3707 1614 3762 dicit
1633 3706 1861 3780 quemadmodum

1069 3800 1159 3855 nidere
1169 3800 1262 3869 possit.
1275 3798 1330 3853 lloc
1342 3809 1430 3853 autem
1445 3797 1567 3864 uerbum,
1580 3796 1696 3862 uiriliter,
1710 3811 1762 3852 uon
1773 3796 1861 3851 solum

1068 3894 1148 3958 ciris,
1162 3892 1210 3947 sed
1224 3901 1251 3947 et
1265 3891 1372 3946 leuunis
1384 3891 1524 3947 credamus
1539 3906 1598 3946 esse
1613 3892 1778 3946 mandatam.
1794 3891 1861 3946 llam

1067 3994 1094 4040 et
1104 3986 1152 4038 rici
1164 4000 1225 4039 cum
1236 3984 1407 4050 mollescunt,
1420 3984 1510 4038 animo
1521 3984 1634 4038 lemineo
1644 3992 1720 4048 suut;
1731 3993 1758 4038 et
1768 3974 1861 4038 mulie-

1068 4090 1111 4130 res
1125 4075 1216 4129 ririles
1231 4074 1394 4141 alliciuntur,
1410 4089 1469 4128 cum
1483 4075 1509 4129 in
1523 4076 1594 4129 bono
1610 4075 1747 4144 proposito
1761 4075 1861 4132 mentis

1067 4164 1164 4218 robore
1181 4172 1363 4233 persei-erant.
1374 4162 1509 4232 Sequitur,
1520 4171 1543 4216 et
1552 4163 1709 4231 confortetur
1719 4178 1764 4215 aar
1775 4171 1862 4230 tuum,

1067 4270 1100 4309 ne
1113 4254 1187 4322 quasi
1201 4255 1288 4308 lassus
1303 4254 1507 4319 immurmures,
1520 4261 1547 4307 ct
1566 4251 1645 4306 ramo
1666 4252 1796 4323 fatigante
1814 4254 1862 4308 de·

226 4344 372 4411 intelligat,
387 4353 414 4396 et
425 4354 566 4396 uenturum
582 4343 607 4395 iu
624 4344 662 4396 eis
677 4342 817 4396 liomiuuru
833 4357 893 4398 esse
917 4358 1014 4413 cogno·
1067 4361 1169 4415 speres.
1183 4346 1236 4399 Sed
1249 4345 1393 4400 conhdcuti
1407 4347 1495 4401 animo
1508 4355 1587 4415 atquc
1602 4359 1696 4405 securo
1710 4346 1792 4400 dicit:
1808 4344 1863 4400 Ex·

224 4445 291 4490 scat.
302 4435 411 4503 luopur
422 4434 536 4487 inimices
550 4435 729 4499 autemdicit,
750 4436 775 4491 id
795 4445 836 4490 est
857 4439 1013 4507 haereticos,
1067 4445 1152 4503 specta
1166 4434 1318 4499 bomirmm,
1333 4436 1376 4505 qui
1390 4434 1637 4490 nescitsuhtlucere
1647 4451 1706 4506 qum
1719 4436 1861 4504 promittit.

224 4528 280 4581 sire
294 4527 446 4581 incredulos
462 4525 568 4581 lcdaeus
590 4527 635 4596 qui
655 4543 701 4582 cos
716 4527 867 4583 nitebantur
879 4547 959 4599 prava
974 4531 1055 4607 itt-1)
1069 4523 1173 4579 Sustine
1190 4537 1254 4577 V⁰l0
1270 4532 1297 4578 0¹
1309 4533 1436 4592 mimia,
1452 4522 1862 4592 91ῐῖθῦῑο(Ῑῑθῑῑῦῐῦῑπῖὸῑῑῧῦθῑ

225 4619 343 4674 tentione
357 4619 522 4673 subvertere.

262 4710 338 4765 Vers.
355 4709 396 4763 l'l.
412 4708 452 4764 Ne
467 4709 602 4764 tradideris
614 4727 652 4763 rue
666 4710 691 4763 in
707 4711 1015 4784 arimaspersequcutiam

224 4822 262 4859 rue
275 4820 283 4858 :
298 4805 417 4874 quostiam
429 4805 619 4858 irrsurrcreruut
633 4805 658 4857 iu
670 4820 709 4858 nte
721 4813 796 4858 testes
804 4807 897 4876 iniqui,
910 4816 932 4860 et
942 4823 1015 4862 merr-

223 4898 269 4949 tira
284 4905 320 4949 cst
334 4896 453 4965 iniquitas
467 4895 526 4948 sibi.
548 4894 701 4950 Secundum
720 4896 858 4951 historiam
875 4907 961 4966 potest
974 4899 1013 4954 iu·

224 4988 305 5057 telligi
324 4987 357 5042 de
381 4986 476 5054 Saule,
499 4988 543 5058 qui
569 5003 630 5042 euru
646 4989 779 5044 acerrimo
793 4989 855 5044 odio
870 5005 1014 5061 perseque-

114 5060 126 5116 ‘,
223 5079 309 5132 hatur.
323 5077 511 5148 sedquoniam
525 5094 571 5135 rer
585 5088 659 5147 erat,
674 5095 723 5135 uec
735 5090 840 5151 poterat
849 5082 922 5137 solus
933 5097 1012 5154 agere

223 5167 297 5236 quod
305 5166 433 5237 jubebat,
448 5178 509 5240 apte
525 5185 653 5225 uumerus
664 5171 773 5240 pluralis
788 5174 830 5228 hic
843 5176 946 5244 positus
959 5187 1010 5231 cst.

223 5263 308 5317 Siurili
328 5265 408 5320 modo
430 5279 490 5319 cum
511 5264 601 5319 bosch
620 5265 752 5321 idumaeus
773 5283 834 5323 eum
863 5268 1012 5338 prodidisse

223 5355 342 5424 legatur,
363 5357 459 5427 plurali
483 5372 594 5412 numero
616 5358 722 5427 posuit,
740 5367 813 5414 testes
835 5360 926 5431 iniqui.
942 5361 1013 5417 Fieri

222 5449 293 5500 orrirn
311 5450 397 5517 potuit
412 5459 440 5504 ut
452 5452 557 5522 quando
568 5467 629 5508 eum
643 5454 698 5523 regi
713 5455 859 5521 accusauit,
874 5471 921 5525 per
931 5465 1014 5512 testes

128 5544 131 5550 ’
222 5536 290 5591 alios
305 5539 373 5593 dicta
384 5556 431 5596 sua
442 5542 556 5611 probare
567 5542 704 5599 voluisset.
717 5545 886 5616 Quapropter
897 5564 1015 5619 congrue

223 5627 326 5693 positus
338 5631 448 5701 pluralis
462 5649 589 5689 uumerus
604 5635 764 5704 advertitur,
780 5638 886 5707 quaudo
901 5654 1014 5709 persona

134 5795 137 5801 Ι
221 5711 285 5771 tatis
296 5731 346 5783 per
368 5737 449 5777 uuuur
475 5732 575 5781 tontum
600 5741 652 5781 nou
670 5736 775 5794 poterat
790 5727 865 5784 tacite
882 5731 1011 5786 accusari.

1066 4628 1098 4668 ac
1113 4614 1135 4669 si
1150 4614 1315 4680 admoueret,
1332 4616 1427 4669 sustine
1439 4616 1510 4685 quod
1525 4617 1635 4687 pateris,
1645 4625 1671 4671 ct
1685 4616 1757 4687 quod
1773 4617 1864 4673 eredis

1067 4716 1192 4776 exspecta.

1329 4797 1465 4853 Conclusio
1488 4800 1590 4871 psalmi.

1104 4909 1173 4966 luter
1189 4913 1347 4982 multiplices
1362 4922 1388 4967 ct
1404 4914 1544 4969 sevientes
1556 4913 1703 4984 angustias,
1720 4915 1785 4982 quid
1797 4929 1860 4985 spe·

1067 5004 1169 5060 cialiter
1184 5005 1369 5060 desideremus
1382 5004 1768 5075 reverendissimuspropheta
1785 5016 1861 5075 pate·

1065 5098 1138 5165 lecit,
1154 5107 1184 5153 ut
1197 5098 1346 5153 inhabitare
1359 5098 1458 5152 Christi
1472 5098 1620 5154 Ecclesiam
1636 5098 1721 5153 modis
1731 5099 1862 5155 omnibus

1064 5198 1228 5260 appetamus.
1247 5190 1301 5245 lloc
1326 5190 1423 5258 patulis
1445 5190 1553 5244 auribus
1576 5190 1733 5253 audientes,
1748 5189 1860 5245 assidua

1064 5282 1258 5351 supplicatione
1282 5281 1477 5350 deprecemur;
1499 5282 1562 5350 quia
1588 5295 1638 5335 nec
1657 5280 1767 5336 breuius
1783 5280 1860 5350 quid·

1066 5388 1144 5442 quam
1161 5376 1245 5442 potuit
1266 5372 1336 5435 dici,
1359 5387 1409 5427 uec
1428 5372 1507 5427 latias
1522 5371 1669 5441 impetrari.
1690 5371 1720 5425 la
1748 5387 1861 5428 numero

1066 5470 1153 5516 auteur
1175 5465 1314 5532 praesentis
1335 5463 1445 5532 psalmi,
1467 5472 1494 5518 et
1509 5463 1687 5534 quorumdam
1703 5463 1748 5533 qui
1765 5464 1861 5520 subse·

1066 5559 1192 5621 quantur,
1216 5567 1381 5622 nequaquam
1404 5553 1538 5622 putarimus
1573 5552 1737 5608 calculorum
1766 5553 1860 5622 singna

1068 5642 1148 5696 latrent
1174 5645 1291 5712 reperire
1318 5643 1466 5708 rationenr;
1494 5643 1595 5699 scilrcut
1622 5643 1711 5713 qualis
1738 5653 1861 5698 creatura

1068 5732 1193 5797 vigesimo
1207 5743 1298 5802 serto,
1320 5745 1365 5788 aut
1389 5733 1516 5802 vigesimo
1532 5737 1655 5803 septimo,
1672 5740 1719 5791 aut
1732 5732 1861 5806 vigesimo
