<?xml version="1.0" encoding="UTF-8"?>
<!DOCTYPE html PUBLIC "-//W3C//DTD XHTML 1.0 Transitional//EN"
    "http://www.w3.org/TR/xhtml1/DTD/xhtml1-transitional.dtd">
<html xmlns="http://www.w3.org/1999/xhtml" xml:lang="en" lang="en">
 <head>
  <title>
</title>
<meta http-equiv="Content-Type" content="text/html;charset=utf-8" />
  <meta name='ocr-system' content='tesseract 3.04.00' />
  <meta name='ocr-capabilities' content='ocr_page ocr_carea ocr_par ocr_line ocrx_word'/>
</head>
<body>
  <div class='ocr_page' id='page_1' title='image "./patrologiaecurs27goog_0665.png"; bbox 0 0 3794 6128; ppageno 0'>
   <div class='ocr_carea' id='block_1_1' title="bbox 125 217 1756 282">
    <p class='ocr_par' dir='ltr' id='par_1_1' title="bbox 125 217 1756 282">
     <span class='ocr_line' id='line_1_1' title="bbox 125 217 1756 282; baseline -0.002 -1"><span class='ocrx_word' id='word_1_1' title='bbox 125 224 194 282; x_wconf 74' lang='lat'>1295</span> <span class='ocrx_word' id='word_1_2' title='bbox 722 222 758 278; x_wconf 85' lang='lat' dir='ltr'>li.</span> <span class='ocrx_word' id='word_1_3' title='bbox 778 221 918 279; x_wconf 70' lang='grc'><strong>1111111111</strong></span> <span class='ocrx_word' id='word_1_4' title='bbox 933 218 1135 278; x_wconf 76' lang='lat' dir='ltr'>tassionem</span> <span class='ocrx_word' id='word_1_5' title='bbox 1685 217 1756 277; x_wconf 65' lang='grc'>1196</span> 
     </span>
    </p>
   </div>
   <div class='ocr_carea' id='block_1_2' title="bbox 123 330 1765 1076">
    <p class='ocr_par' dir='ltr' id='par_1_2' title="bbox 123 330 1765 959">
     <span class='ocr_line' id='line_1_2' title="bbox 123 330 1760 406; baseline -0.005 -11"><span class='ocrx_word' id='word_1_6' title='bbox 123 346 213 397; x_wconf 87' lang='lat' dir='ltr'>tamen</span> <span class='ocrx_word' id='word_1_7' title='bbox 241 344 331 393; x_wconf 87' lang='lat' dir='ltr'>saneta</span> <span class='ocrx_word' id='word_1_8' title='bbox 361 332 564 391; x_wconf 84' lang='lat' dir='ltr'>conuersatione</span> <span class='ocrx_word' id='word_1_9' title='bbox 594 343 726 405; x_wconf 70' lang='lat' dir='ltr'>purgata,</span> <span class='ocrx_word' id='word_1_10' title='bbox 758 334 911 392; x_wconf 67' lang='lat' dir='ltr'>[diuinitatis</span> <span class='ocrx_word' id='word_1_11' title='bbox 926 337 1056 398; x_wconf 60' lang='lat' dir='ltr'>anostra</span> <span class='ocrx_word' id='word_1_12' title='bbox 1080 333 1108 389; x_wconf 89' lang='lat' dir='ltr'>in</span> <span class='ocrx_word' id='word_1_13' title='bbox 1132 344 1257 403; x_wconf 68' lang='lat' dir='ltr'>magnum</span> <span class='ocrx_word' id='word_1_14' title='bbox 1276 331 1453 389; x_wconf 88' lang='lat' dir='ltr'>ministerium</span> <span class='ocrx_word' id='word_1_15' title='bbox 1477 330 1636 406; x_wconf 65' lang='lat' dir='ltr'>luendum,</span> <span class='ocrx_word' id='word_1_16' title='bbox 1656 342 1760 406; x_wconf 75' lang='lat' dir='ltr'>seyme-</span> 
     </span>
     <span class='ocr_line' id='line_1_3' title="bbox 123 420 1758 498; baseline -0.004 -13"><span class='ocrx_word' id='word_1_17' title='bbox 123 429 225 486; x_wconf 79' lang='lat' dir='ltr'>tutilo</span> <span class='ocrx_word' id='word_1_18' title='bbox 249 428 363 498; x_wconf 76' lang='lat' dir='ltr'>recipit,</span> <span class='ocrx_word' id='word_1_19' title='bbox 391 425 462 496; x_wconf 82' lang='lat' dir='ltr'>quod</span> <span class='ocrx_word' id='word_1_20' title='bbox 493 423 600 481; x_wconf 73' lang='lat' dir='ltr'>insidiis</span> <span class='ocrx_word' id='word_1_21' title='bbox 624 425 783 496; x_wconf 87' lang='lat' dir='ltr'>decipientis</span> <span class='ocrx_word' id='word_1_22' title='bbox 808 425 911 482; x_wconf 88' lang='lat' dir='ltr'>amisit.</span> <span class='ocrx_word' id='word_1_23' title='bbox 964 420 1045 494; x_wconf 89' lang='lat' dir='ltr'>rium]</span> <span class='ocrx_word' id='word_1_24' title='bbox 1059 422 1119 493; x_wconf 79' lang='lat' dir='ltr'>quis</span> <span class='ocrx_word' id='word_1_25' title='bbox 1132 420 1237 478; x_wconf 88' lang='lat' dir='ltr'>dubitet</span> <span class='ocrx_word' id='word_1_26' title='bbox 1256 422 1402 478; x_wconf 88' lang='lat' dir='ltr'>attributai</span> <span class='ocrx_word' id='word_1_27' title='bbox 1417 421 1503 489; x_wconf 85' lang='lat' dir='ltr'>Unde,</span> <span class='ocrx_word' id='word_1_28' title='bbox 1520 431 1667 493; x_wconf 75' lang='lat' dir='ltr'>prestamc</span> <span class='ocrx_word' id='word_1_29' title='bbox 1689 420 1758 488; x_wconf 77' lang='lat' dir='ltr'>boe.</span> 
     </span>
     <span class='ocr_line' id='line_1_4' title="bbox 126 512 1762 589; baseline -0.003 -13"><span class='ocrx_word' id='word_1_30' title='bbox 126 519 276 576; x_wconf 86' lang='lat' dir='ltr'>illuminata</span> <span class='ocrx_word' id='word_1_31' title='bbox 291 517 390 573; x_wconf 88' lang='lat' dir='ltr'>sideta</span> <span class='ocrx_word' id='word_1_32' title='bbox 404 515 542 582; x_wconf 81' lang='lat' dir='ltr'>Creatore,</span> <span class='ocrx_word' id='word_1_33' title='bbox 558 530 619 587; x_wconf 78' lang='lat' dir='ltr'>que</span> <span class='ocrx_word' id='word_1_34' title='bbox 633 515 738 573; x_wconf 86' lang='lat' dir='ltr'>iuseata</span> <span class='ocrx_word' id='word_1_35' title='bbox 756 531 811 572; x_wconf 93' lang='lat' dir='ltr'>non</span> <span class='ocrx_word' id='word_1_36' title='bbox 824 523 915 589; x_wconf 88' lang='lat' dir='ltr'>petest</span> <span class='ocrx_word' id='word_1_37' title='bbox 965 512 1083 571; x_wconf 82' lang='lat' dir='ltr'>beminis</span> <span class='ocrx_word' id='word_1_38' title='bbox 1096 514 1231 582; x_wconf 85' lang='lat' dir='ltr'>reparatio</span> <span class='ocrx_word' id='word_1_39' title='bbox 1246 513 1358 570; x_wconf 75' lang='lat' dir='ltr'>incunda</span> <span class='ocrx_word' id='word_1_40' title='bbox 1379 515 1500 584; x_wconf 89' lang='lat' dir='ltr'>procedit</span> <span class='ocrx_word' id='word_1_41' title='bbox 1518 530 1526 568; x_wconf 94' lang='lat'>:</span> <span class='ocrx_word' id='word_1_42' title='bbox 1544 515 1616 570; x_wconf 91' lang='lat' dir='ltr'>ende</span> <span class='ocrx_word' id='word_1_43' title='bbox 1630 514 1762 571; x_wconf 86' lang='lat' dir='ltr'>mortales</span> 
     </span>
     <span class='ocr_line' id='line_1_5' title="bbox 125 604 1764 681; baseline -0.004 -13"><span class='ocrx_word' id='word_1_44' title='bbox 125 627 142 668; x_wconf 82' lang='lat' dir='ltr'>a</span> <span class='ocrx_word' id='word_1_45' title='bbox 163 610 308 681; x_wconf 85' lang='lat' dir='ltr'>temetipsa</span> <span class='ocrx_word' id='word_1_46' title='bbox 332 622 503 680; x_wconf 71' lang='lat' dir='ltr'>cognoscere.</span> <span class='ocrx_word' id='word_1_47' title='bbox 529 607 644 665; x_wconf 78' lang='lat' dir='ltr'>Narrate</span> <span class='ocrx_word' id='word_1_48' title='bbox 669 616 734 665; x_wconf 90' lang='lat' dir='ltr'>sont</span> <span class='ocrx_word' id='word_1_49' title='bbox 758 608 792 665; x_wconf 93' lang='lat' dir='ltr'>de</span> <span class='ocrx_word' id='word_1_50' title='bbox 813 609 915 677; x_wconf 83' lang='lat' dir='ltr'>enims,</span> <span class='ocrx_word' id='word_1_51' title='bbox 964 604 1197 665; x_wconf 67' lang='lat' dir='ltr'>nuciuntbabere</span> <span class='ocrx_word' id='word_1_52' title='bbox 1211 604 1356 671; x_wconf 88' lang='lat' dir='ltr'>deiectum,</span> <span class='ocrx_word' id='word_1_53' title='bbox 1372 607 1491 677; x_wconf 82' lang='lat' dir='ltr'>qnando,</span> <span class='ocrx_word' id='word_1_54' title='bbox 1507 607 1630 676; x_wconf 90' lang='lat' dir='ltr'>personis</span> <span class='ocrx_word' id='word_1_55' title='bbox 1644 621 1764 679; x_wconf 84' lang='lat' dir='ltr'>perenn·</span> 
     </span>
     <span class='ocr_line' id='line_1_6' title="bbox 126 695 1765 777; baseline -0.004 -18"><span class='ocrx_word' id='word_1_56' title='bbox 126 714 224 777; x_wconf 82' lang='lat' dir='ltr'>quanta</span> <span class='ocrx_word' id='word_1_57' title='bbox 236 703 383 772; x_wconf 84' lang='lat' dir='ltr'>probentur</span> <span class='ocrx_word' id='word_1_58' title='bbox 394 717 455 760; x_wconf 87' lang='lat' dir='ltr'>esso</span> <span class='ocrx_word' id='word_1_59' title='bbox 475 717 617 759; x_wconf 89' lang='lat' dir='ltr'>concessa.</span> <span class='ocrx_word' id='word_1_60' title='bbox 634 702 688 759; x_wconf 80' lang='lat' dir='ltr'>Sed</span> <span class='ocrx_word' id='word_1_61' title='bbox 701 700 828 758; x_wconf 84' lang='lat' dir='ltr'>conuenit</span> <span class='ocrx_word' id='word_1_62' title='bbox 840 709 870 757; x_wconf 90' lang='grc' dir='ltr'>ιιι</span> <span class='ocrx_word' id='word_1_63' title='bbox 880 699 915 757; x_wconf 90' lang='lat' dir='ltr'>de</span> <span class='ocrx_word' id='word_1_64' title='bbox 966 695 1047 764; x_wconf 89' lang='lat' dir='ltr'>tibus,</span> <span class='ocrx_word' id='word_1_65' title='bbox 1058 709 1143 767; x_wconf 77' lang='lat' dir='ltr'>penus</span> <span class='ocrx_word' id='word_1_66' title='bbox 1157 695 1277 752; x_wconf 87' lang='lat' dir='ltr'>noscitur</span> <span class='ocrx_word' id='word_1_67' title='bbox 1291 698 1393 753; x_wconf 86' lang='lat' dir='ltr'>serrari</span> <span class='ocrx_word' id='word_1_68' title='bbox 1404 712 1484 767; x_wconf 86' lang='lat' dir='ltr'>pesse</span> <span class='ocrx_word' id='word_1_69' title='bbox 1495 698 1666 755; x_wconf 85' lang='lat' dir='ltr'>continuum.</span> <span class='ocrx_word' id='word_1_70' title='bbox 1678 697 1765 752; x_wconf 88' lang='lat' dir='ltr'>lieno-</span> 
     </span>
     <span class='ocr_line' id='line_1_7' title="bbox 126 784 1764 868; baseline -0.006 -16"><span class='ocrx_word' id='word_1_71' title='bbox 126 795 184 865; x_wconf 80' lang='lat' dir='ltr'>eius</span> <span class='ocrx_word' id='word_1_72' title='bbox 197 795 298 868; x_wconf 83' lang='lat' dir='ltr'>templo</span> <span class='ocrx_word' id='word_1_73' title='bbox 316 794 437 852; x_wconf 86' lang='lat' dir='ltr'>dicamus</span> <span class='ocrx_word' id='word_1_74' title='bbox 449 812 457 851; x_wconf 79' lang='lat' dir='ltr'>a</span> <span class='ocrx_word' id='word_1_75' title='bbox 471 795 598 867; x_wconf 78' lang='lat' dir='ltr'>quostiam</span> <span class='ocrx_word' id='word_1_76' title='bbox 614 795 659 851; x_wconf 84' lang='lat' dir='ltr'>illa</span> <span class='ocrx_word' id='word_1_77' title='bbox 681 794 770 868; x_wconf 77' lang='lat' dir='ltr'>imago</span> <span class='ocrx_word' id='word_1_78' title='bbox 798 793 846 849; x_wconf 76' lang='lat' dir='ltr'>liei</span> <span class='ocrx_word' id='word_1_79' title='bbox 860 806 916 849; x_wconf 91' lang='lat' dir='ltr'>non</span> <span class='ocrx_word' id='word_1_80' title='bbox 966 802 1026 845; x_wconf 87' lang='lat' dir='ltr'>rum</span> <span class='ocrx_word' id='word_1_81' title='bbox 1040 786 1203 852; x_wconf 89' lang='lat' dir='ltr'>membrum,</span> <span class='ocrx_word' id='word_1_82' title='bbox 1217 784 1241 841; x_wconf 89' lang='lat' dir='ltr'>si</span> <span class='ocrx_word' id='word_1_83' title='bbox 1253 800 1306 842; x_wconf 90' lang='lat' dir='ltr'>non</span> <span class='ocrx_word' id='word_1_84' title='bbox 1319 785 1418 842; x_wconf 86' lang='lat' dir='ltr'>inisset</span> <span class='ocrx_word' id='word_1_85' title='bbox 1431 787 1501 858; x_wconf 89' lang='lat' dir='ltr'>turpi</span> <span class='ocrx_word' id='word_1_86' title='bbox 1514 787 1624 843; x_wconf 88' lang='lat' dir='ltr'>libidine</span> <span class='ocrx_word' id='word_1_87' title='bbox 1637 784 1764 843; x_wconf 85' lang='lat' dir='ltr'>sordida·</span> 
     </span>
     <span class='ocr_line' id='line_1_8' title="bbox 128 876 1765 959; baseline -0.005 -16"><span class='ocrx_word' id='word_1_88' title='bbox 128 887 227 959; x_wconf 89' lang='lat' dir='ltr'>patitur</span> <span class='ocrx_word' id='word_1_89' title='bbox 246 893 276 945; x_wconf 92' lang='lat' dir='ltr'>ut</span> <span class='ocrx_word' id='word_1_90' title='bbox 288 887 396 959; x_wconf 75' lang='lat' dir='ltr'>corpori</span> <span class='ocrx_word' id='word_1_91' title='bbox 412 886 528 943; x_wconf 89' lang='lat' dir='ltr'>delermi</span> <span class='ocrx_word' id='word_1_92' title='bbox 547 887 690 959; x_wconf 82' lang='lat' dir='ltr'>conjuncta</span> <span class='ocrx_word' id='word_1_93' title='bbox 705 899 768 944; x_wconf 80' lang='lat' dir='ltr'>esse</span> <span class='ocrx_word' id='word_1_94' title='bbox 780 883 916 943; x_wconf 85' lang='lat' dir='ltr'>rideatur.</span> <span class='ocrx_word' id='word_1_95' title='bbox 966 886 1034 937; x_wconf 89' lang='lat' dir='ltr'>tum.</span> <span class='ocrx_word' id='word_1_96' title='bbox 1049 878 1198 947; x_wconf 82' lang='lat' dir='ltr'>Quidenim</span> <span class='ocrx_word' id='word_1_97' title='bbox 1206 876 1253 934; x_wconf 90' lang='lat' dir='ltr'>ille</span> <span class='ocrx_word' id='word_1_98' title='bbox 1261 878 1406 947; x_wconf 83' lang='lat' dir='ltr'>pretiosius</span> <span class='ocrx_word' id='word_1_99' title='bbox 1418 886 1501 947; x_wconf 85' lang='lat' dir='ltr'>esset,</span> <span class='ocrx_word' id='word_1_100' title='bbox 1514 879 1537 934; x_wconf 87' lang='lat' dir='ltr'>si</span> <span class='ocrx_word' id='word_1_101' title='bbox 1545 879 1765 935; x_wconf 83' lang='lat' dir='ltr'>indelrumanrnu</span> 
     </span>
    </p>

    <p class='ocr_par' dir='ltr' id='par_1_3' title="bbox 428 967 1765 1076">
     <span class='ocr_line' id='line_1_9' title="bbox 428 967 1765 1076; baseline -0.005 -45"><span class='ocrx_word' id='word_1_102' title='bbox 428 1016 543 1076; x_wconf 57' lang='lat' dir='ltr'>CAPUT</span> <span class='ocrx_word' id='word_1_103' title='bbox 567 1016 601 1074; x_wconf 50' lang='grc' dir='ltr'>Ιχ</span> <span class='ocrx_word' id='word_1_104' title='bbox 967 970 1123 1045; x_wconf 66' lang='lat' dir='ltr'>tenesciae</span> <span class='ocrx_word' id='word_1_105' title='bbox 1136 968 1214 1040; x_wconf 87' lang='lat' dir='ltr'>culpa</span> <span class='ocrx_word' id='word_1_106' title='bbox 1228 967 1421 1025; x_wconf 68' lang='lat' dir='ltr'>descendenti</span> <span class='ocrx_word' id='word_1_107' title='bbox 1430 968 1478 1026; x_wconf 88' lang='lat' dir='ltr'>Sic</span> <span class='ocrx_word' id='word_1_108' title='bbox 1491 970 1580 1026; x_wconf 89' lang='lat' dir='ltr'>omnia</span> <span class='ocrx_word' id='word_1_109' title='bbox 1591 969 1765 1039; x_wconf 68' lang='lat' dir='ltr'>praetristia</span> 
     </span>
    </p>
   </div>
   <div class='ocr_carea' id='block_1_3' title="bbox 130 1059 1770 1491">
    <p class='ocr_par' dir='ltr' id='par_1_4' title="bbox 357 1059 1766 1189">
     <span class='ocr_line' id='line_1_10' title="bbox 357 1059 1766 1189; baseline -0.001 -72"><span class='ocrx_word' id='word_1_110' title='bbox 357 1115 398 1172; x_wconf 55' lang='lat' dir='ltr'>De</span> <span class='ocrx_word' id='word_1_111' title='bbox 416 1117 541 1189; x_wconf 52' lang='lat' dir='ltr'>mmm</span> <span class='ocrx_word' id='word_1_112' title='bbox 559 1117 673 1189; x_wconf 57' lang='lat' dir='ltr'>mom</span> <span class='ocrx_word' id='word_1_113' title='bbox 967 1068 1057 1119; x_wconf 81' lang='lat' dir='ltr'>creua</span> <span class='ocrx_word' id='word_1_114' title='bbox 1072 1069 1146 1129; x_wconf 90' lang='lat' dir='ltr'>sunt,</span> <span class='ocrx_word' id='word_1_115' title='bbox 1161 1061 1185 1117; x_wconf 89' lang='lat' dir='ltr'>si</span> <span class='ocrx_word' id='word_1_116' title='bbox 1199 1067 1316 1132; x_wconf 79' lang='lat' dir='ltr'>peccatis</span> <span class='ocrx_word' id='word_1_117' title='bbox 1328 1059 1508 1133; x_wconf 70' lang='lat' dir='ltr'>pendentibus</span> <span class='ocrx_word' id='word_1_118' title='bbox 1521 1075 1576 1116; x_wconf 91' lang='lat' dir='ltr'>nen</span> <span class='ocrx_word' id='word_1_119' title='bbox 1586 1059 1766 1117; x_wconf 78' lang='lat' dir='ltr'>redderentur</span> 
     </span>
    </p>

    <p class='ocr_par' dir='ltr' id='par_1_5' title="bbox 130 1149 1770 1491">
     <span class='ocr_line' id='line_1_11' title="bbox 164 1149 1768 1324; baseline 0.007 -39"><span class='ocrx_word' id='word_1_120' title='bbox 164 1228 308 1285; x_wconf 75' lang='lat' dir='ltr'>Procerum</span> <span class='ocrx_word' id='word_1_121' title='bbox 329 1227 429 1284; x_wconf 87' lang='lat' dir='ltr'>animal</span> <span class='ocrx_word' id='word_1_122' title='bbox 443 1236 472 1285; x_wconf 90' lang='lat' dir='ltr'>et</span> <span class='ocrx_word' id='word_1_123' title='bbox 486 1229 513 1284; x_wconf 91' lang='lat' dir='ltr'>in</span> <span class='ocrx_word' id='word_1_124' title='bbox 523 1227 639 1301; x_wconf 78' lang='lat' dir='ltr'>clispiem</span> <span class='ocrx_word' id='word_1_125' title='bbox 654 1228 842 1298; x_wconf 83' lang='lat' dir='ltr'>pulcherrimae</span> <span class='ocrx_word' id='word_1_126' title='bbox 858 1242 919 1300; x_wconf 84' lang='lat' dir='ltr'>spe·</span> <span class='ocrx_word' id='word_1_127' title='bbox 969 1149 1068 1294; x_wconf 57' lang='grc' dir='ltr'>Ἥ</span> <span class='ocrx_word' id='word_1_128' title='bbox 1070 1164 1163 1293; x_wconf 38' lang='grc' dir='ltr'>1ιοιιιειιι</span> <span class='ocrx_word' id='word_1_129' title='bbox 1178 1238 1435 1324; x_wconf 27' lang='lat' dir='ltr'>corpuslanimatnm</span> <span class='ocrx_word' id='word_1_130' title='bbox 1450 1238 1566 1310; x_wconf 78' lang='lat' dir='ltr'>quinque</span> <span class='ocrx_word' id='word_1_131' title='bbox 1579 1239 1709 1297; x_wconf 86' lang='lat' dir='ltr'>sensibus</span> <span class='ocrx_word' id='word_1_132' title='bbox 1720 1241 1768 1296; x_wconf 87' lang='lat' dir='ltr'>ad·</span> 
     </span>
     <span class='ocr_line' id='line_1_12' title="bbox 130 1321 1767 1401; baseline 0.004 -21"><span class='ocrx_word' id='word_1_133' title='bbox 130 1322 272 1382; x_wconf 87' lang='lat' dir='ltr'>culationis</span> <span class='ocrx_word' id='word_1_134' title='bbox 291 1330 422 1401; x_wconf 72' lang='lat' dir='ltr'>erectum,</span> <span class='ocrx_word' id='word_1_135' title='bbox 444 1321 477 1376; x_wconf 88' lang='lat' dir='ltr'>ad</span> <span class='ocrx_word' id='word_1_136' title='bbox 493 1336 538 1377; x_wconf 92' lang='lat' dir='ltr'>res</span> <span class='ocrx_word' id='word_1_137' title='bbox 552 1335 683 1392; x_wconf 84' lang='lat' dir='ltr'>supernas</span> <span class='ocrx_word' id='word_1_138' title='bbox 698 1330 726 1378; x_wconf 90' lang='lat' dir='ltr'>ct</span> <span class='ocrx_word' id='word_1_139' title='bbox 746 1322 920 1377; x_wconf 65' lang='lat' dir='ltr'>rationabiles</span> <span class='ocrx_word' id='word_1_140' title='bbox 970 1326 1137 1383; x_wconf 83' lang='lat' dir='ltr'>ministretur</span> <span class='ocrx_word' id='word_1_141' title='bbox 1151 1341 1182 1384; x_wconf 90' lang='lat' dir='ltr'>ae</span> <span class='ocrx_word' id='word_1_142' title='bbox 1197 1328 1314 1400; x_wconf 64' lang='lat' dir='ltr'>segitem</span> <span class='ocrx_word' id='word_1_143' title='bbox 1329 1329 1374 1399; x_wconf 83' lang='lat' dir='ltr'>eui</span> <span class='ocrx_word' id='word_1_144' title='bbox 1391 1329 1454 1384; x_wconf 92' lang='lat' dir='ltr'>licet</span> <span class='ocrx_word' id='word_1_145' title='bbox 1467 1328 1520 1385; x_wconf 84' lang='lat' dir='ltr'>sim</span> <span class='ocrx_word' id='word_1_146' title='bbox 1534 1344 1693 1387; x_wconf 83' lang='lat' dir='ltr'>communes</span> <span class='ocrx_word' id='word_1_147' title='bbox 1706 1346 1767 1387; x_wconf 90' lang='lat' dir='ltr'>cem</span> 
     </span>
     <span class='ocr_line' id='line_1_13' title="bbox 131 1413 1770 1491; baseline 0.004 -18"><span class='ocrx_word' id='word_1_148' title='bbox 131 1415 282 1483; x_wconf 89' lang='lat' dir='ltr'>intuendas,</span> <span class='ocrx_word' id='word_1_149' title='bbox 295 1413 370 1484; x_wconf 77' lang='lat' dir='ltr'>cnjus</span> <span class='ocrx_word' id='word_1_150' title='bbox 384 1413 538 1469; x_wconf 81' lang='lat' dir='ltr'>harmonica</span> <span class='ocrx_word' id='word_1_151' title='bbox 554 1413 694 1485; x_wconf 82' lang='lat' dir='ltr'>dispositio</span> <span class='ocrx_word' id='word_1_152' title='bbox 707 1414 825 1485; x_wconf 72' lang='lat' dir='ltr'>inperita</span> <span class='ocrx_word' id='word_1_153' title='bbox 842 1413 919 1469; x_wconf 91' lang='lat' dir='ltr'>nobis</span> <span class='ocrx_word' id='word_1_154' title='bbox 971 1418 1080 1489; x_wconf 88' lang='lat' dir='ltr'>belluis,</span> <span class='ocrx_word' id='word_1_155' title='bbox 1098 1433 1113 1473; x_wconf 86' lang='lat' dir='ltr'>a</span> <span class='ocrx_word' id='word_1_156' title='bbox 1128 1419 1205 1474; x_wconf 91' lang='lat' dir='ltr'>nobis</span> <span class='ocrx_word' id='word_1_157' title='bbox 1218 1428 1305 1475; x_wconf 90' lang='lat' dir='ltr'>tamen</span> <span class='ocrx_word' id='word_1_158' title='bbox 1319 1420 1470 1476; x_wconf 87' lang='lat' dir='ltr'>rationabili</span> <span class='ocrx_word' id='word_1_159' title='bbox 1489 1420 1591 1491; x_wconf 84' lang='lat' dir='ltr'>judicio</span> <span class='ocrx_word' id='word_1_160' title='bbox 1602 1423 1701 1479; x_wconf 78' lang='lat' dir='ltr'>melius</span> <span class='ocrx_word' id='word_1_161' title='bbox 1713 1425 1770 1480; x_wconf 79' lang='lat' dir='ltr'>dis-</span> 
     </span>
    </p>
   </div>
   <div class='ocr_carea' id='block_1_4' title="bbox 30 1505 1770 1597">
    <p class='ocr_par' dir='ltr' id='par_1_6' title="bbox 30 1505 1770 1597">
     <span class='ocr_line' id='line_1_14' title="bbox 30 1505 1770 1597; baseline 0.004 -33"><span class='ocrx_word' id='word_1_162' title='bbox 30 1584 34 1597; x_wconf 31' lang='lat'>,</span> <span class='ocrx_word' id='word_1_163' title='bbox 131 1508 300 1566; x_wconf 86' lang='lat' dir='ltr'>sacramenia</span> <span class='ocrx_word' id='word_1_164' title='bbox 322 1505 449 1562; x_wconf 87' lang='lat' dir='ltr'>declarat.</span> <span class='ocrx_word' id='word_1_165' title='bbox 471 1505 604 1574; x_wconf 73' lang='lat' dir='ltr'>Imprimis</span> <span class='ocrx_word' id='word_1_166' title='bbox 624 1514 705 1576; x_wconf 89' lang='lat' dir='ltr'>caput</span> <span class='ocrx_word' id='word_1_167' title='bbox 729 1514 850 1562; x_wconf 89' lang='lat' dir='ltr'>nostrum</span> <span class='ocrx_word' id='word_1_168' title='bbox 872 1520 920 1560; x_wconf 88' lang='lat' dir='ltr'>ser</span> <span class='ocrx_word' id='word_1_169' title='bbox 971 1512 1128 1584; x_wconf 73' lang='lat' dir='ltr'>tinguuntur</span> <span class='ocrx_word' id='word_1_170' title='bbox 1146 1521 1225 1582; x_wconf 79' lang='lat' dir='ltr'>atque</span> <span class='ocrx_word' id='word_1_171' title='bbox 1247 1513 1425 1583; x_wconf 90' lang='lat' dir='ltr'>complentur.</span> <span class='ocrx_word' id='word_1_172' title='bbox 1449 1514 1554 1570; x_wconf 85' lang='lat' dir='ltr'>Primus</span> <span class='ocrx_word' id='word_1_173' title='bbox 1582 1529 1678 1571; x_wconf 89' lang='lat' dir='ltr'>eorum</span> <span class='ocrx_word' id='word_1_174' title='bbox 1696 1518 1770 1573; x_wconf 87' lang='lat' dir='ltr'>risus</span> 
     </span>
    </p>
   </div>
   <div class='ocr_carea' id='block_1_5' title="bbox 132 1595 1778 3313">
    <p class='ocr_par' dir='ltr' id='par_1_7' title="bbox 132 1595 1778 2949">
     <span class='ocr_line' id='line_1_15' title="bbox 132 1595 1771 1676; baseline 0.007 -23"><span class='ocrx_word' id='word_1_175' title='bbox 132 1600 239 1658; x_wconf 82' lang='lat' dir='ltr'>ossibus</span> <span class='ocrx_word' id='word_1_176' title='bbox 262 1599 494 1672; x_wconf 72' lang='lat' dir='ltr'>compaginatum,</span> <span class='ocrx_word' id='word_1_177' title='bbox 521 1598 548 1653; x_wconf 89' lang='lat' dir='ltr'>in</span> <span class='ocrx_word' id='word_1_178' title='bbox 574 1597 776 1654; x_wconf 85' lang='lat' dir='ltr'>similitudinem</span> <span class='ocrx_word' id='word_1_179' title='bbox 800 1595 921 1652; x_wconf 86' lang='lat' dir='ltr'>eoeiestis</span> <span class='ocrx_word' id='word_1_180' title='bbox 972 1613 1022 1673; x_wconf 89' lang='lat' dir='ltr'>est,</span> <span class='ocrx_word' id='word_1_181' title='bbox 1038 1603 1083 1675; x_wconf 87' lang='lat' dir='ltr'>qui</span> <span class='ocrx_word' id='word_1_182' title='bbox 1091 1617 1156 1659; x_wconf 84' lang='lat' dir='ltr'>aere</span> <span class='ocrx_word' id='word_1_183' title='bbox 1167 1602 1315 1660; x_wconf 90' lang='lat' dir='ltr'>illuminato</span> <span class='ocrx_word' id='word_1_184' title='bbox 1327 1606 1433 1661; x_wconf 87' lang='lat' dir='ltr'>colores</span> <span class='ocrx_word' id='word_1_185' title='bbox 1453 1606 1547 1676; x_wconf 84' lang='lat' dir='ltr'>recipit</span> <span class='ocrx_word' id='word_1_186' title='bbox 1558 1608 1726 1675; x_wconf 82' lang='lat' dir='ltr'>corporales,</span> <span class='ocrx_word' id='word_1_187' title='bbox 1741 1620 1771 1665; x_wconf 85' lang='lat' dir='ltr'>et</span> 
     </span>
     <span class='ocr_line' id='line_1_16' title="bbox 132 1685 1772 1770; baseline 0.007 -26"><span class='ocrx_word' id='word_1_188' title='bbox 132 1689 247 1761; x_wconf 83' lang='lat' dir='ltr'>splrterae</span> <span class='ocrx_word' id='word_1_189' title='bbox 268 1685 383 1745; x_wconf 84' lang='lat' dir='ltr'>rotunda</span> <span class='ocrx_word' id='word_1_190' title='bbox 408 1688 576 1746; x_wconf 84' lang='lat' dir='ltr'>concauitate</span> <span class='ocrx_word' id='word_1_191' title='bbox 597 1687 657 1762; x_wconf 87' lang='lat' dir='ltr'>[ms.</span> <span class='ocrx_word' id='word_1_192' title='bbox 682 1688 773 1756; x_wconf 69' lang='lat' dir='ltr'>aiud,</span> <span class='ocrx_word' id='word_1_193' title='bbox 797 1686 922 1744; x_wconf 75' lang='lat' dir='ltr'>rotundas</span> <span class='ocrx_word' id='word_1_194' title='bbox 939 1694 1001 1770; x_wconf 76' lang='lat' dir='ltr'>pin</span> <span class='ocrx_word' id='word_1_195' title='bbox 1015 1693 1054 1749; x_wconf 89' lang='lat' dir='ltr'>eis</span> <span class='ocrx_word' id='word_1_196' title='bbox 1067 1708 1132 1750; x_wconf 89' lang='lat' dir='ltr'>suas</span> <span class='ocrx_word' id='word_1_197' title='bbox 1145 1692 1321 1763; x_wconf 77' lang='lat' dir='ltr'>proprietates</span> <span class='ocrx_word' id='word_1_198' title='bbox 1340 1694 1471 1765; x_wconf 72' lang='lat' dir='ltr'>agnoscit.</span> <span class='ocrx_word' id='word_1_199' title='bbox 1487 1696 1619 1764; x_wconf 72' lang='lat' dir='ltr'>Asperius</span> <span class='ocrx_word' id='word_1_200' title='bbox 1637 1698 1712 1753; x_wconf 87' lang='lat' dir='ltr'>enlm</span> <span class='ocrx_word' id='word_1_201' title='bbox 1727 1709 1772 1755; x_wconf 86' lang='lat' dir='ltr'>est</span> 
     </span>
     <span class='ocr_line' id='line_1_17' title="bbox 135 1777 1771 1858; baseline 0.005 -21"><span class='ocrx_word' id='word_1_202' title='bbox 135 1777 294 1850; x_wconf 76' lang='lat' dir='ltr'>conessum]</span> <span class='ocrx_word' id='word_1_203' title='bbox 309 1778 450 1836; x_wconf 88' lang='lat' dir='ltr'>iermatum</span> <span class='ocrx_word' id='word_1_204' title='bbox 467 1788 523 1847; x_wconf 90' lang='lat' dir='ltr'>est;</span> <span class='ocrx_word' id='word_1_205' title='bbox 546 1788 577 1836; x_wconf 93' lang='lat' dir='ltr'>ut</span> <span class='ocrx_word' id='word_1_206' title='bbox 589 1781 724 1836; x_wconf 75' lang='lat' dir='ltr'>seranum</span> <span class='ocrx_word' id='word_1_207' title='bbox 744 1781 819 1837; x_wconf 90' lang='lat' dir='ltr'>illum</span> <span class='ocrx_word' id='word_1_208' title='bbox 834 1778 923 1849; x_wconf 86' lang='lat' dir='ltr'>perie-</span> <span class='ocrx_word' id='word_1_209' title='bbox 975 1784 1017 1858; x_wconf 91' lang='lat' dir='ltr'>(ut</span> <span class='ocrx_word' id='word_1_210' title='bbox 1028 1792 1132 1841; x_wconf 86' lang='lat' dir='ltr'>setores</span> <span class='ocrx_word' id='word_1_211' title='bbox 1145 1784 1258 1840; x_wconf 88' lang='lat' dir='ltr'>delinire</span> <span class='ocrx_word' id='word_1_212' title='bbox 1269 1785 1432 1855; x_wconf 86' lang='lat' dir='ltr'>maluerunt)</span> <span class='ocrx_word' id='word_1_213' title='bbox 1447 1787 1488 1842; x_wconf 88' lang='lat' dir='ltr'>ris</span> <span class='ocrx_word' id='word_1_214' title='bbox 1498 1787 1596 1842; x_wconf 78' lang='lat' dir='ltr'>aniane</span> <span class='ocrx_word' id='word_1_215' title='bbox 1608 1790 1771 1858; x_wconf 83' lang='lat' dir='ltr'>spiritualis,</span> 
     </span>
     <span class='ocr_line' id='line_1_18' title="bbox 136 1870 1770 1953; baseline 0.004 -25"><span class='ocrx_word' id='word_1_216' title='bbox 136 1871 284 1953; x_wconf 75' lang='grc' dir='ltr'>οιὶιιίιιιιιιιι</span> <span class='ocrx_word' id='word_1_217' title='bbox 295 1885 435 1927; x_wconf 87' lang='lat' dir='ltr'>nnmerum</span> <span class='ocrx_word' id='word_1_218' title='bbox 446 1871 522 1928; x_wconf 83' lang='lat' dir='ltr'>sedes</span> <span class='ocrx_word' id='word_1_219' title='bbox 534 1871 616 1927; x_wconf 86' lang='lat' dir='ltr'>nestri</span> <span class='ocrx_word' id='word_1_220' title='bbox 634 1870 748 1939; x_wconf 84' lang='lat' dir='ltr'>cerebri,</span> <span class='ocrx_word' id='word_1_221' title='bbox 763 1870 790 1925; x_wconf 91' lang='lat' dir='ltr'>in</span> <span class='ocrx_word' id='word_1_222' title='bbox 802 1871 924 1940; x_wconf 85' lang='lat' dir='ltr'>cnjuser·</span> <span class='ocrx_word' id='word_1_223' title='bbox 974 1876 1114 1947; x_wconf 71' lang='lat' dir='ltr'>egrediens</span> <span class='ocrx_word' id='word_1_224' title='bbox 1128 1890 1177 1946; x_wconf 91' lang='lat' dir='ltr'>per</span> <span class='ocrx_word' id='word_1_225' title='bbox 1184 1875 1256 1931; x_wconf 88' lang='lat' dir='ltr'>oculi</span> <span class='ocrx_word' id='word_1_226' title='bbox 1267 1876 1454 1946; x_wconf 86' lang='lat' dir='ltr'>pupillam,res</span> <span class='ocrx_word' id='word_1_227' title='bbox 1465 1892 1517 1932; x_wconf 91' lang='lat' dir='ltr'>non</span> <span class='ocrx_word' id='word_1_228' title='bbox 1527 1877 1597 1933; x_wconf 85' lang='lat' dir='ltr'>adee</span> <span class='ocrx_word' id='word_1_229' title='bbox 1610 1878 1770 1950; x_wconf 75' lang='lat' dir='ltr'>longinquas</span> 
     </span>
     <span class='ocr_line' id='line_1_19' title="bbox 137 1961 1771 2038; baseline -0.005 -7"><span class='ocrx_word' id='word_1_230' title='bbox 137 1963 520 2035; x_wconf 68' lang='lat' dir='ltr'>i¹ss⁰⁸⁸lilm¹1⁸20⁰n¹5¹¹0r0b</span> <span class='ocrx_word' id='word_1_231' title='bbox 532 1962 600 2019; x_wconf 69' lang='lat' dir='ltr'>istnc</span> <span class='ocrx_word' id='word_1_232' title='bbox 613 1971 640 2019; x_wconf 77' lang='lat' dir='ltr'>el</span> <span class='ocrx_word' id='word_1_233' title='bbox 654 1961 734 2026; x_wconf 79' lang='lat' dir='ltr'>oculi.</span> <span class='ocrx_word' id='word_1_234' title='bbox 749 1961 824 2032; x_wconf 82' lang='lat' dir='ltr'>euasi</span> <span class='ocrx_word' id='word_1_235' title='bbox 836 1975 926 2017; x_wconf 88' lang='lat' dir='ltr'>saera·</span> <span class='ocrx_word' id='word_1_236' title='bbox 975 1968 1118 2037; x_wconf 72' lang='lat' dir='ltr'>attingens,</span> <span class='ocrx_word' id='word_1_237' title='bbox 1130 1966 1177 2024; x_wconf 89' lang='lat' dir='ltr'>sed</span> <span class='ocrx_word' id='word_1_238' title='bbox 1191 1965 1225 2023; x_wconf 91' lang='lat' dir='ltr'>ad</span> <span class='ocrx_word' id='word_1_239' title='bbox 1237 1982 1304 2037; x_wconf 82' lang='lat' dir='ltr'>quas</span> <span class='ocrx_word' id='word_1_240' title='bbox 1317 1967 1418 2037; x_wconf 82' lang='lat' dir='ltr'>peterit</span> <span class='ocrx_word' id='word_1_241' title='bbox 1427 1968 1584 2038; x_wconf 84' lang='lat' dir='ltr'>pertenire,</span> <span class='ocrx_word' id='word_1_242' title='bbox 1599 1968 1771 2038; x_wconf 83' lang='lat' dir='ltr'>dijudicans:</span> 
     </span>
     <span class='ocr_line' id='line_1_20' title="bbox 136 2051 1774 2130; baseline 0.004 -19"><span class='ocrx_word' id='word_1_243' title='bbox 136 2069 195 2111; x_wconf 90' lang='lat' dir='ltr'>rum</span> <span class='ocrx_word' id='word_1_244' title='bbox 206 2054 439 2110; x_wconf 68' lang='lat' dir='ltr'>&#39;testamentorum</span> <span class='ocrx_word' id='word_1_245' title='bbox 451 2052 629 2124; x_wconf 87' lang='lat' dir='ltr'>pulclrerrima</span> <span class='ocrx_word' id='word_1_246' title='bbox 643 2053 698 2108; x_wconf 94' lang='lat' dir='ltr'>dno</span> <span class='ocrx_word' id='word_1_247' title='bbox 710 2052 844 2108; x_wconf 88' lang='lat' dir='ltr'>solumina</span> <span class='ocrx_word' id='word_1_248' title='bbox 859 2051 925 2126; x_wconf 71' lang='lat' dir='ltr'>[aa.</span> <span class='ocrx_word' id='word_1_249' title='bbox 976 2057 1042 2113; x_wconf 90' lang='lat' dir='ltr'>illud</span> <span class='ocrx_word' id='word_1_250' title='bbox 1055 2058 1161 2125; x_wconf 91' lang='lat' dir='ltr'>sidens,</span> <span class='ocrx_word' id='word_1_251' title='bbox 1175 2058 1208 2114; x_wconf 87' lang='lat' dir='ltr'>ad</span> <span class='ocrx_word' id='word_1_252' title='bbox 1220 2057 1291 2130; x_wconf 82' lang='lat' dir='ltr'>quod</span> <span class='ocrx_word' id='word_1_253' title='bbox 1305 2057 1456 2114; x_wconf 87' lang='lat' dir='ltr'>destinetur</span> <span class='ocrx_word' id='word_1_254' title='bbox 1466 2066 1496 2114; x_wconf 92' lang='lat' dir='ltr'>ut</span> <span class='ocrx_word' id='word_1_255' title='bbox 1509 2059 1608 2115; x_wconf 88' lang='lat' dir='ltr'>rideat.</span> <span class='ocrx_word' id='word_1_256' title='bbox 1623 2060 1692 2116; x_wconf 80' lang='lat' dir='ltr'>llam</span> <span class='ocrx_word' id='word_1_257' title='bbox 1705 2063 1728 2117; x_wconf 93' lang='lat' dir='ltr'>si</span> <span class='ocrx_word' id='word_1_258' title='bbox 1738 2060 1774 2117; x_wconf 84' lang='lat' dir='ltr'>de</span> 
     </span>
     <span class='ocr_line' id='line_1_21' title="bbox 136 2142 1774 2221; baseline 0.004 -19"><span class='ocrx_word' id='word_1_259' title='bbox 136 2143 248 2219; x_wconf 82' lang='lat' dir='ltr'>lamina]</span> <span class='ocrx_word' id='word_1_260' title='bbox 258 2145 436 2212; x_wconf 90' lang='lat' dir='ltr'>collocantur;</span> <span class='ocrx_word' id='word_1_261' title='bbox 449 2144 483 2199; x_wconf 88' lang='lat' dir='ltr'>ad</span> <span class='ocrx_word' id='word_1_262' title='bbox 497 2160 610 2217; x_wconf 81' lang='lat' dir='ltr'>querum</span> <span class='ocrx_word' id='word_1_263' title='bbox 620 2142 823 2200; x_wconf 87' lang='lat' dir='ltr'>similitudinem</span> <span class='ocrx_word' id='word_1_264' title='bbox 837 2143 926 2198; x_wconf 90' lang='lat' dir='ltr'>emnia</span> <span class='ocrx_word' id='word_1_265' title='bbox 981 2145 1154 2203; x_wconf 88' lang='lat' dir='ltr'>interioribus</span> <span class='ocrx_word' id='word_1_266' title='bbox 1175 2144 1231 2201; x_wconf 85' lang='lat' dir='ltr'>suis</span> <span class='ocrx_word' id='word_1_267' title='bbox 1251 2146 1320 2202; x_wconf 91' lang='lat' dir='ltr'>oculi</span> <span class='ocrx_word' id='word_1_268' title='bbox 1334 2146 1472 2217; x_wconf 83' lang='lat' dir='ltr'>siderent,</span> <span class='ocrx_word' id='word_1_269' title='bbox 1489 2148 1569 2205; x_wconf 86' lang='lat' dir='ltr'>etiam</span> <span class='ocrx_word' id='word_1_270' title='bbox 1583 2151 1692 2221; x_wconf 86' lang='lat' dir='ltr'>seipsos</span> <span class='ocrx_word' id='word_1_271' title='bbox 1714 2153 1774 2208; x_wconf 87' lang='lat' dir='ltr'>sine</span> 
     </span>
     <span class='ocr_line' id='line_1_22' title="bbox 137 2235 1774 2307; baseline 0.002 -12"><span class='ocrx_word' id='word_1_272' title='bbox 137 2237 215 2295; x_wconf 90' lang='lat' dir='ltr'>nobis</span> <span class='ocrx_word' id='word_1_273' title='bbox 228 2237 380 2294; x_wconf 81' lang='lat' dir='ltr'>combinata</span> <span class='ocrx_word' id='word_1_274' title='bbox 397 2236 564 2294; x_wconf 89' lang='lat' dir='ltr'>descendunt</span> <span class='ocrx_word' id='word_1_275' title='bbox 574 2278 583 2305; x_wconf 91' lang='lat'>,</span> <span class='ocrx_word' id='word_1_276' title='bbox 595 2244 625 2293; x_wconf 95' lang='lat' dir='ltr'>ut</span> <span class='ocrx_word' id='word_1_277' title='bbox 635 2252 714 2293; x_wconf 90' lang='lat' dir='ltr'>anres</span> <span class='ocrx_word' id='word_1_278' title='bbox 724 2279 732 2305; x_wconf 89' lang='lat'>,</span> <span class='ocrx_word' id='word_1_279' title='bbox 744 2252 833 2303; x_wconf 84' lang='lat' dir='ltr'>nares,</span> <span class='ocrx_word' id='word_1_280' title='bbox 845 2236 925 2305; x_wconf 86' lang='lat' dir='ltr'>labia,</span> <span class='ocrx_word' id='word_1_281' title='bbox 978 2236 1144 2294; x_wconf 73' lang='lat' dir='ltr'>dubitatione</span> <span class='ocrx_word' id='word_1_282' title='bbox 1157 2235 1355 2307; x_wconf 86' lang='lat' dir='ltr'>conspicerent.</span> <span class='ocrx_word' id='word_1_283' title='bbox 1368 2237 1425 2294; x_wconf 86' lang='lat' dir='ltr'>llee</span> <span class='ocrx_word' id='word_1_284' title='bbox 1437 2238 1519 2296; x_wconf 91' lang='lat' dir='ltr'>etiam</span> <span class='ocrx_word' id='word_1_285' title='bbox 1529 2239 1610 2296; x_wconf 84' lang='lat' dir='ltr'>Pater</span> <span class='ocrx_word' id='word_1_286' title='bbox 1622 2243 1708 2297; x_wconf 84' lang='lat' dir='ltr'>sensit</span> <span class='ocrx_word' id='word_1_287' title='bbox 1717 2242 1774 2299; x_wconf 77' lang='lat' dir='ltr'>du·</span> 
     </span>
     <span class='ocr_line' id='line_1_23' title="bbox 137 2327 1775 2402; baseline 0.002 -15"><span class='ocrx_word' id='word_1_288' title='bbox 137 2328 256 2398; x_wconf 81' lang='lat' dir='ltr'>brachia,</span> <span class='ocrx_word' id='word_1_289' title='bbox 268 2329 361 2399; x_wconf 88' lang='lat' dir='ltr'>latera,</span> <span class='ocrx_word' id='word_1_290' title='bbox 377 2341 468 2396; x_wconf 89' lang='lat' dir='ltr'>crura,</span> <span class='ocrx_word' id='word_1_291' title='bbox 482 2328 565 2396; x_wconf 78' lang='lat' dir='ltr'>tibin,</span> <span class='ocrx_word' id='word_1_292' title='bbox 576 2327 668 2398; x_wconf 86' lang='lat' dir='ltr'>pedes.</span> <span class='ocrx_word' id='word_1_293' title='bbox 677 2327 704 2382; x_wconf 94' lang='lat' dir='ltr'>ln</span> <span class='ocrx_word' id='word_1_294' title='bbox 716 2327 765 2382; x_wconf 86' lang='lat' dir='ltr'>bac</span> <span class='ocrx_word' id='word_1_295' title='bbox 776 2328 846 2382; x_wconf 90' lang='lat' dir='ltr'>enim</span> <span class='ocrx_word' id='word_1_296' title='bbox 857 2340 929 2398; x_wconf 78' lang='lat' dir='ltr'>mys·</span> <span class='ocrx_word' id='word_1_297' title='bbox 978 2330 1110 2402; x_wconf 67' lang='lat' dir='ltr'>gostinus.</span> <span class='ocrx_word' id='word_1_298' title='bbox 1125 2327 1265 2386; x_wconf 85' lang='lat' dir='ltr'>Secundus</span> <span class='ocrx_word' id='word_1_299' title='bbox 1278 2329 1385 2386; x_wconf 86' lang='lat' dir='ltr'>auditus</span> <span class='ocrx_word' id='word_1_300' title='bbox 1398 2339 1457 2398; x_wconf 92' lang='lat' dir='ltr'>est,</span> <span class='ocrx_word' id='word_1_301' title='bbox 1471 2333 1516 2402; x_wconf 82' lang='lat' dir='ltr'>eui</span> <span class='ocrx_word' id='word_1_302' title='bbox 1529 2333 1660 2389; x_wconf 75' lang='lat' dir='ltr'>eneceris</span> <span class='ocrx_word' id='word_1_303' title='bbox 1680 2344 1708 2391; x_wconf 92' lang='lat' dir='ltr'>et</span> <span class='ocrx_word' id='word_1_304' title='bbox 1725 2349 1775 2390; x_wconf 91' lang='lat' dir='ltr'>co·</span> 
     </span>
     <span class='ocr_line' id='line_1_24' title="bbox 139 2416 1775 2490; baseline 0.003 -16"><span class='ocrx_word' id='word_1_305' title='bbox 139 2419 192 2477; x_wconf 87' lang='lat' dir='ltr'>tica</span> <span class='ocrx_word' id='word_1_306' title='bbox 207 2418 334 2474; x_wconf 88' lang='lat' dir='ltr'>dualitate</span> <span class='ocrx_word' id='word_1_307' title='bbox 348 2432 478 2490; x_wconf 80' lang='lat' dir='ltr'>compape</span> <span class='ocrx_word' id='word_1_308' title='bbox 490 2419 572 2474; x_wconf 89' lang='lat' dir='ltr'>totins</span> <span class='ocrx_word' id='word_1_309' title='bbox 585 2417 705 2488; x_wconf 90' lang='lat' dir='ltr'>corporis</span> <span class='ocrx_word' id='word_1_310' title='bbox 721 2416 887 2484; x_wconf 90' lang='lat' dir='ltr'>continetur;</span> <span class='ocrx_word' id='word_1_311' title='bbox 901 2426 930 2475; x_wconf 88' lang='lat' dir='ltr'>et</span> <span class='ocrx_word' id='word_1_312' title='bbox 978 2418 1091 2476; x_wconf 87' lang='lat' dir='ltr'>obiectis</span> <span class='ocrx_word' id='word_1_313' title='bbox 1103 2417 1213 2476; x_wconf 88' lang='lat' dir='ltr'>auribus</span> <span class='ocrx_word' id='word_1_314' title='bbox 1225 2431 1306 2475; x_wconf 90' lang='lat' dir='ltr'>sonos</span> <span class='ocrx_word' id='word_1_315' title='bbox 1319 2418 1431 2488; x_wconf 88' lang='lat' dir='ltr'>accipit,</span> <span class='ocrx_word' id='word_1_316' title='bbox 1445 2420 1516 2477; x_wconf 86' lang='lat' dir='ltr'>aeris</span> <span class='ocrx_word' id='word_1_317' title='bbox 1537 2421 1775 2479; x_wconf 74' lang='lat' dir='ltr'>verberationibus</span> 
     </span>
     <span class='ocr_line' id='line_1_25' title="bbox 139 2509 1772 2583; baseline 0 -14"><span class='ocrx_word' id='word_1_318' title='bbox 139 2511 210 2570; x_wconf 92' lang='lat' dir='ltr'>slcnt</span> <span class='ocrx_word' id='word_1_319' title='bbox 222 2510 268 2566; x_wconf 86' lang='lat' dir='ltr'>illa</span> <span class='ocrx_word' id='word_1_320' title='bbox 281 2510 452 2567; x_wconf 77' lang='lat' dir='ltr'>Testamenta</span> <span class='ocrx_word' id='word_1_321' title='bbox 463 2509 496 2566; x_wconf 84' lang='lat' dir='ltr'>ad</span> <span class='ocrx_word' id='word_1_322' title='bbox 511 2524 590 2565; x_wconf 92' lang='lat' dir='ltr'>unum</span> <span class='ocrx_word' id='word_1_323' title='bbox 605 2510 768 2580; x_wconf 89' lang='lat' dir='ltr'>respiciunt,</span> <span class='ocrx_word' id='word_1_324' title='bbox 789 2523 872 2564; x_wconf 91' lang='lat' dir='ltr'>unum</span> <span class='ocrx_word' id='word_1_325' title='bbox 887 2524 929 2566; x_wconf 90' lang='lat' dir='ltr'>sa·</span> <span class='ocrx_word' id='word_1_326' title='bbox 980 2521 1183 2583; x_wconf 88' lang='lat' dir='ltr'>concrepantes,</span> <span class='ocrx_word' id='word_1_327' title='bbox 1205 2512 1308 2567; x_wconf 85' lang='lat' dir='ltr'>ratione</span> <span class='ocrx_word' id='word_1_328' title='bbox 1329 2509 1481 2580; x_wconf 85' lang='lat' dir='ltr'>dijndieans</span> <span class='ocrx_word' id='word_1_329' title='bbox 1500 2510 1564 2583; x_wconf 87' lang='lat' dir='ltr'>quid</span> <span class='ocrx_word' id='word_1_330' title='bbox 1587 2513 1623 2568; x_wconf 90' lang='lat' dir='ltr'>sit</span> <span class='ocrx_word' id='word_1_331' title='bbox 1638 2512 1772 2569; x_wconf 83' lang='lat' dir='ltr'>audinum.</span> 
     </span>
     <span class='ocr_line' id='line_1_26' title="bbox 139 2600 1773 2676; baseline 0 -16"><span class='ocrx_word' id='word_1_332' title='bbox 139 2602 228 2676; x_wconf 90' lang='lat' dir='ltr'>pient,</span> <span class='ocrx_word' id='word_1_333' title='bbox 242 2602 281 2658; x_wconf 86' lang='lat' dir='ltr'>lta</span> <span class='ocrx_word' id='word_1_334' title='bbox 295 2601 448 2658; x_wconf 78' lang='lat' dir='ltr'>baeoiiicia</span> <span class='ocrx_word' id='word_1_335' title='bbox 462 2601 489 2658; x_wconf 91' lang='lat' dir='ltr'>ln</span> <span class='ocrx_word' id='word_1_336' title='bbox 504 2615 583 2657; x_wconf 91' lang='lat' dir='ltr'>unam</span> <span class='ocrx_word' id='word_1_337' title='bbox 598 2615 628 2657; x_wconf 92' lang='lat' dir='ltr'>se</span> <span class='ocrx_word' id='word_1_338' title='bbox 638 2600 851 2656; x_wconf 83' lang='lat' dir='ltr'>convenientiam</span> <span class='ocrx_word' id='word_1_339' title='bbox 866 2614 931 2671; x_wconf 91' lang='lat' dir='ltr'>ope·</span> <span class='ocrx_word' id='word_1_340' title='bbox 980 2600 1088 2658; x_wconf 82' lang='lat' dir='ltr'>Tertius</span> <span class='ocrx_word' id='word_1_341' title='bbox 1101 2601 1229 2658; x_wconf 84' lang='lat' dir='ltr'>edocatus</span> <span class='ocrx_word' id='word_1_342' title='bbox 1246 2609 1298 2669; x_wconf 93' lang='lat' dir='ltr'>est,</span> <span class='ocrx_word' id='word_1_343' title='bbox 1312 2602 1356 2672; x_wconf 83' lang='lat' dir='ltr'>pei</span> <span class='ocrx_word' id='word_1_344' title='bbox 1370 2600 1491 2658; x_wconf 83' lang='lat' dir='ltr'>diversos</span> <span class='ocrx_word' id='word_1_345' title='bbox 1507 2601 1605 2660; x_wconf 84' lang='lat' dir='ltr'>odores</span> <span class='ocrx_word' id='word_1_346' title='bbox 1618 2618 1773 2673; x_wconf 86' lang='lat' dir='ltr'>assumens,</span> 
     </span>
     <span class='ocr_line' id='line_1_27' title="bbox 140 2690 1776 2767; baseline 0.001 -14"><span class='ocrx_word' id='word_1_347' title='bbox 140 2696 325 2766; x_wconf 70' lang='lat' dir='ltr'>rationemque</span> <span class='ocrx_word' id='word_1_348' title='bbox 347 2693 522 2764; x_wconf 72' lang='lat' dir='ltr'>conjungunt.</span> <span class='ocrx_word' id='word_1_349' title='bbox 546 2691 599 2750; x_wconf 87' lang='lat' dir='ltr'>Sed</span> <span class='ocrx_word' id='word_1_350' title='bbox 622 2690 680 2748; x_wconf 78' lang='lat' dir='ltr'>bec</span> <span class='ocrx_word' id='word_1_351' title='bbox 698 2698 786 2747; x_wconf 81' lang='lat' dir='ltr'>minen</span> <span class='ocrx_word' id='word_1_352' title='bbox 801 2690 930 2761; x_wconf 76' lang='lat' dir='ltr'>parilitas,</span> <span class='ocrx_word' id='word_1_353' title='bbox 980 2693 1223 2751; x_wconf 86' lang='lat' dir='ltr'>sirsrelolentium</span> <span class='ocrx_word' id='word_1_354' title='bbox 1236 2707 1397 2765; x_wconf 91' lang='lat' dir='ltr'>corporum,</span> <span class='ocrx_word' id='word_1_355' title='bbox 1410 2694 1489 2767; x_wconf 80' lang='lat' dir='ltr'>quiesi</span> <span class='ocrx_word' id='word_1_356' title='bbox 1509 2695 1626 2767; x_wconf 73' lang='lat' dir='ltr'>quedam</span> <span class='ocrx_word' id='word_1_357' title='bbox 1646 2697 1776 2755; x_wconf 79' lang='lat' dir='ltr'>invisibili</span> 
     </span>
     <span class='ocr_line' id='line_1_28' title="bbox 141 2782 1777 2859; baseline 0.001 -16"><span class='ocrx_word' id='word_1_358' title='bbox 141 2786 321 2859; x_wconf 81' lang='lat' dir='ltr'>pulcherrima</span> <span class='ocrx_word' id='word_1_359' title='bbox 336 2783 525 2842; x_wconf 88' lang='lat' dir='ltr'>distributione</span> <span class='ocrx_word' id='word_1_360' title='bbox 537 2782 699 2850; x_wconf 85' lang='lat' dir='ltr'>consociata,</span> <span class='ocrx_word' id='word_1_361' title='bbox 710 2782 868 2840; x_wconf 87' lang='lat' dir='ltr'>alterutrum</span> <span class='ocrx_word' id='word_1_362' title='bbox 877 2782 930 2841; x_wconf 90' lang='lat' dir='ltr'>sibi</span> <span class='ocrx_word' id='word_1_363' title='bbox 984 2788 1056 2844; x_wconf 87' lang='lat' dir='ltr'>iumo</span> <span class='ocrx_word' id='word_1_364' title='bbox 1079 2785 1188 2843; x_wconf 88' lang='lat' dir='ltr'>naribus</span> <span class='ocrx_word' id='word_1_365' title='bbox 1200 2795 1336 2856; x_wconf 83' lang='lat' dir='ltr'>suscepte,</span> <span class='ocrx_word' id='word_1_366' title='bbox 1357 2786 1521 2857; x_wconf 88' lang='lat' dir='ltr'>competenti</span> <span class='ocrx_word' id='word_1_367' title='bbox 1537 2787 1703 2859; x_wconf 87' lang='lat' dir='ltr'>aspiramine</span> <span class='ocrx_word' id='word_1_368' title='bbox 1717 2803 1777 2859; x_wconf 87' lang='lat' dir='ltr'>per·</span> 
     </span>
     <span class='ocr_line' id='line_1_29' title="bbox 144 2877 1778 2949; baseline -0.001 -13"><span class='ocrx_word' id='word_1_369' title='bbox 144 2884 249 2936; x_wconf 84' lang='lat' dir='ltr'>mutuat</span> <span class='ocrx_word' id='word_1_370' title='bbox 262 2884 397 2939; x_wconf 87' lang='lat' dir='ltr'>ornatum.</span> <span class='ocrx_word' id='word_1_371' title='bbox 984 2877 1087 2949; x_wconf 88' lang='lat' dir='ltr'>pendit.</span> <span class='ocrx_word' id='word_1_372' title='bbox 1099 2877 1216 2946; x_wconf 83' lang='lat' dir='ltr'>Quartus</span> <span class='ocrx_word' id='word_1_373' title='bbox 1229 2883 1272 2932; x_wconf 90' lang='lat' dir='ltr'>est</span> <span class='ocrx_word' id='word_1_374' title='bbox 1284 2885 1387 2948; x_wconf 78' lang='lat' dir='ltr'>pestes,</span> <span class='ocrx_word' id='word_1_375' title='bbox 1404 2892 1457 2948; x_wconf 83' lang='lat' dir='ltr'>que</span> <span class='ocrx_word' id='word_1_376' title='bbox 1472 2879 1615 2934; x_wconf 89' lang='lat' dir='ltr'>multarum</span> <span class='ocrx_word' id='word_1_377' title='bbox 1629 2894 1720 2935; x_wconf 89' lang='lat' dir='ltr'>rerum</span> <span class='ocrx_word' id='word_1_378' title='bbox 1733 2895 1778 2935; x_wconf 91' lang='lat' dir='ltr'>sa·</span> 
     </span>
    </p>

    <p class='ocr_par' dir='ltr' id='par_1_8' title="bbox 141 2964 1778 3313">
     <span class='ocr_line' id='line_1_30' title="bbox 177 2964 1776 3043; baseline 0 -20"><span class='ocrx_word' id='word_1_379' title='bbox 177 2968 247 3023; x_wconf 81' lang='lat' dir='ltr'>Sunt</span> <span class='ocrx_word' id='word_1_380' title='bbox 260 2967 340 3024; x_wconf 87' lang='lat' dir='ltr'>etiam</span> <span class='ocrx_word' id='word_1_381' title='bbox 360 2965 502 3037; x_wconf 71' lang='lat' dir='ltr'>singularia</span> <span class='ocrx_word' id='word_1_382' title='bbox 522 2965 550 3023; x_wconf 88' lang='lat' dir='ltr'>in</span> <span class='ocrx_word' id='word_1_383' title='bbox 572 2965 661 3023; x_wconf 90' lang='lat' dir='ltr'>medio</span> <span class='ocrx_word' id='word_1_384' title='bbox 675 2964 833 3034; x_wconf 84' lang='lat' dir='ltr'>constituta,</span> <span class='ocrx_word' id='word_1_385' title='bbox 854 2979 889 3023; x_wconf 88' lang='lat' dir='ltr'>no</span> <span class='ocrx_word' id='word_1_386' title='bbox 904 2965 931 3022; x_wconf 92' lang='lat' dir='ltr'>ln</span> <span class='ocrx_word' id='word_1_387' title='bbox 983 2983 1076 3043; x_wconf 83' lang='lat' dir='ltr'>ponem</span> <span class='ocrx_word' id='word_1_388' title='bbox 1086 2967 1167 3040; x_wconf 88' lang='lat' dir='ltr'>palati</span> <span class='ocrx_word' id='word_1_389' title='bbox 1177 2967 1366 3038; x_wconf 84' lang='lat' dir='ltr'>dijudicatione</span> <span class='ocrx_word' id='word_1_390' title='bbox 1385 2965 1582 3038; x_wconf 72' lang='lat' dir='ltr'>cognoscimus.</span> <span class='ocrx_word' id='word_1_391' title='bbox 1603 2967 1719 3035; x_wconf 84' lang='lat' dir='ltr'>Quintus</span> <span class='ocrx_word' id='word_1_392' title='bbox 1734 2978 1776 3023; x_wconf 86' lang='lat' dir='ltr'>est</span> 
     </span>
     <span class='ocr_line' id='line_1_31' title="bbox 141 3042 1778 3133; baseline 0 -18"><span class='ocrx_word' id='word_1_393' title='bbox 141 3072 225 3115; x_wconf 86' lang='lat' dir='ltr'>nnana</span> <span class='ocrx_word' id='word_1_394' title='bbox 249 3068 352 3129; x_wconf 89' lang='lat' dir='ltr'>partem</span> <span class='ocrx_word' id='word_1_395' title='bbox 375 3057 590 3129; x_wconf 72' lang='lat' dir='ltr'>prejudicialiter</span> <span class='ocrx_word' id='word_1_396' title='bbox 603 3057 740 3128; x_wconf 78' lang='lat' dir='ltr'>erigentia</span> <span class='ocrx_word' id='word_1_397' title='bbox 754 3056 821 3129; x_wconf 67' lang='lat' dir='ltr'>led„</span> <span class='ocrx_word' id='word_1_398' title='bbox 837 3068 971 3133; x_wconf 77' lang='lat' dir='ltr'>arpen-c</span> <span class='ocrx_word' id='word_1_399' title='bbox 987 3066 1082 3128; x_wconf 85' lang='lat' dir='ltr'>tactus,</span> <span class='ocrx_word' id='word_1_400' title='bbox 1099 3059 1144 3128; x_wconf 83' lang='lat' dir='ltr'>eui</span> <span class='ocrx_word' id='word_1_401' title='bbox 1155 3058 1351 3115; x_wconf 88' lang='lat' dir='ltr'>etiamcunctis</span> <span class='ocrx_word' id='word_1_402' title='bbox 1362 3058 1489 3114; x_wconf 90' lang='lat' dir='ltr'>membris</span> <span class='ocrx_word' id='word_1_403' title='bbox 1502 3042 1778 3116; x_wconf 85' lang='lat' dir='ltr'>conmuniteruesci·</span> 
     </span>
     <span class='ocr_line' id='line_1_32' title="bbox 144 3147 1777 3223; baseline 0 -17"><span class='ocrx_word' id='word_1_404' title='bbox 144 3149 205 3223; x_wconf 78' lang='lat' dir='ltr'>tlal,</span> <span class='ocrx_word' id='word_1_405' title='bbox 218 3149 329 3206; x_wconf 84' lang='lat' dir='ltr'>alteram</span> <span class='ocrx_word' id='word_1_406' title='bbox 342 3148 504 3220; x_wconf 86' lang='lat' dir='ltr'>competenti</span> <span class='ocrx_word' id='word_1_407' title='bbox 518 3148 616 3204; x_wconf 92' lang='lat' dir='ltr'>deeere</span> <span class='ocrx_word' id='word_1_408' title='bbox 627 3147 769 3211; x_wconf 88' lang='lat' dir='ltr'>nudarem,</span> <span class='ocrx_word' id='word_1_409' title='bbox 785 3160 876 3213; x_wconf 85' lang='lat' dir='ltr'>nasus,</span> <span class='ocrx_word' id='word_1_410' title='bbox 892 3161 932 3210; x_wconf 90' lang='lat' dir='ltr'>os,</span> <span class='ocrx_word' id='word_1_411' title='bbox 986 3156 1030 3205; x_wconf 91' lang='lat' dir='ltr'>tur</span> <span class='ocrx_word' id='word_1_412' title='bbox 1044 3149 1198 3207; x_wconf 84' lang='lat' dir='ltr'>attributus.</span> <span class='ocrx_word' id='word_1_413' title='bbox 1211 3149 1364 3220; x_wconf 72' lang='lat' dir='ltr'>Elegantius</span> <span class='ocrx_word' id='word_1_414' title='bbox 1378 3147 1456 3204; x_wconf 90' lang='lat' dir='ltr'>nobis</span> <span class='ocrx_word' id='word_1_415' title='bbox 1470 3148 1632 3207; x_wconf 88' lang='lat' dir='ltr'>inmanibus</span> <span class='ocrx_word' id='word_1_416' title='bbox 1645 3160 1702 3216; x_wconf 87' lang='lat' dir='ltr'>est,</span> <span class='ocrx_word' id='word_1_417' title='bbox 1719 3165 1777 3220; x_wconf 77' lang='lat' dir='ltr'>eun</span> 
     </span>
     <span class='ocr_line' id='line_1_33' title="bbox 144 3237 1778 3313; baseline 0.001 -16"><span class='ocrx_word' id='word_1_418' title='bbox 144 3251 245 3313; x_wconf 72' lang='lat' dir='ltr'>potuer,</span> <span class='ocrx_word' id='word_1_419' title='bbox 257 3249 359 3312; x_wconf 88' lang='lat' dir='ltr'>peetus,</span> <span class='ocrx_word' id='word_1_420' title='bbox 371 3239 525 3306; x_wconf 85' lang='lat' dir='ltr'>umbilicus,</span> <span class='ocrx_word' id='word_1_421' title='bbox 533 3248 559 3295; x_wconf 92' lang='lat' dir='ltr'>et</span> <span class='ocrx_word' id='word_1_422' title='bbox 568 3237 723 3309; x_wconf 73' lang='lat' dir='ltr'>genitalium</span> <span class='ocrx_word' id='word_1_423' title='bbox 737 3237 810 3308; x_wconf 79' lang='lat' dir='ltr'>sirpe</span> <span class='ocrx_word' id='word_1_424' title='bbox 825 3237 936 3294; x_wconf 89' lang='lat' dir='ltr'>descen·</span> <span class='ocrx_word' id='word_1_425' title='bbox 985 3241 1160 3313; x_wconf 74' lang='lat' dir='ltr'>singulariter</span> <span class='ocrx_word' id='word_1_426' title='bbox 1170 3240 1239 3297; x_wconf 81' lang='lat' dir='ltr'>date</span> <span class='ocrx_word' id='word_1_427' title='bbox 1250 3249 1314 3297; x_wconf 91' lang='lat' dir='ltr'>sunt</span> <span class='ocrx_word' id='word_1_428' title='bbox 1325 3241 1359 3297; x_wconf 87' lang='lat' dir='ltr'>ad</span> <span class='ocrx_word' id='word_1_429' title='bbox 1371 3241 1469 3297; x_wconf 78' lang='lat' dir='ltr'>moires</span> <span class='ocrx_word' id='word_1_430' title='bbox 1484 3241 1663 3312; x_wconf 74' lang='lat' dir='ltr'>cogitationes</span> <span class='ocrx_word' id='word_1_431' title='bbox 1674 3254 1778 3299; x_wconf 75' lang='lat' dir='ltr'>nostras</span> 
     </span>
    </p>
   </div>
   <div class='ocr_carea' id='block_1_6' title="bbox 46 3326 1778 3405">
    <p class='ocr_par' dir='ltr' id='par_1_9' title="bbox 46 3326 1778 3405">
     <span class='ocr_line' id='line_1_34' title="bbox 46 3326 1778 3405; baseline 0 -18"><span class='ocrx_word' id='word_1_432' title='bbox 46 3354 61 3369; x_wconf 86' lang='lat'><strong>·</strong></span> <span class='ocrx_word' id='word_1_433' title='bbox 145 3333 224 3399; x_wconf 85' lang='lat' dir='ltr'>tiens,</span> <span class='ocrx_word' id='word_1_434' title='bbox 250 3344 309 3401; x_wconf 75' lang='lat' dir='ltr'>qun</span> <span class='ocrx_word' id='word_1_435' title='bbox 334 3327 479 3385; x_wconf 90' lang='lat' dir='ltr'>laudabilia</span> <span class='ocrx_word' id='word_1_436' title='bbox 502 3335 530 3382; x_wconf 88' lang='lat' dir='ltr'>et</span> <span class='ocrx_word' id='word_1_437' title='bbox 551 3326 706 3383; x_wconf 79' lang='lat' dir='ltr'>honoranda</span> <span class='ocrx_word' id='word_1_438' title='bbox 733 3333 934 3392; x_wconf 83' lang='lat' dir='ltr'>monstrantur,</span> <span class='ocrx_word' id='word_1_439' title='bbox 986 3332 1164 3388; x_wconf 73' lang='lat' dir='ltr'>communiter</span> <span class='ocrx_word' id='word_1_440' title='bbox 1178 3331 1239 3403; x_wconf 87' lang='lat' dir='ltr'>[rna.</span> <span class='ocrx_word' id='word_1_441' title='bbox 1258 3330 1330 3398; x_wconf 69' lang='lat' dir='ltr'>latr„</span> <span class='ocrx_word' id='word_1_442' title='bbox 1343 3330 1468 3405; x_wconf 74' lang='lat' dir='ltr'>comiter]</span> <span class='ocrx_word' id='word_1_443' title='bbox 1482 3332 1668 3403; x_wconf 85' lang='lat' dir='ltr'>explicandas.</span> <span class='ocrx_word' id='word_1_444' title='bbox 1688 3335 1778 3391; x_wconf 73' lang='lat' dir='ltr'>Altera</span> 
     </span>
    </p>
   </div>
   <div class='ocr_carea' id='block_1_7' title="bbox 145 3415 1790 5053">
    <p class='ocr_par' dir='ltr' id='par_1_10' title="bbox 145 3415 1788 4683">
     <span class='ocr_line' id='line_1_35' title="bbox 145 3415 1778 3498; baseline 0.004 -22"><span class='ocrx_word' id='word_1_445' title='bbox 145 3420 253 3492; x_wconf 84' lang='lat' dir='ltr'>quando</span> <span class='ocrx_word' id='word_1_446' title='bbox 273 3421 299 3476; x_wconf 88' lang='lat' dir='ltr'>in</span> <span class='ocrx_word' id='word_1_447' title='bbox 313 3419 403 3475; x_wconf 89' lang='lat' dir='ltr'>medlo</span> <span class='ocrx_word' id='word_1_448' title='bbox 424 3419 553 3474; x_wconf 89' lang='lat' dir='ltr'>collocata</span> <span class='ocrx_word' id='word_1_449' title='bbox 565 3417 725 3473; x_wconf 86' lang='lat' dir='ltr'>consistunt.</span> <span class='ocrx_word' id='word_1_450' title='bbox 741 3415 828 3486; x_wconf 82' lang='lat' dir='ltr'>capiri</span> <span class='ocrx_word' id='word_1_451' title='bbox 847 3427 936 3474; x_wconf 89' lang='lat' dir='ltr'>antem</span> <span class='ocrx_word' id='word_1_452' title='bbox 986 3423 1059 3480; x_wconf 88' lang='lat' dir='ltr'>enim</span> <span class='ocrx_word' id='word_1_453' title='bbox 1084 3437 1132 3491; x_wconf 90' lang='lat' dir='ltr'>per</span> <span class='ocrx_word' id='word_1_454' title='bbox 1155 3422 1215 3478; x_wconf 85' lang='lat' dir='ltr'>illus</span> <span class='ocrx_word' id='word_1_455' title='bbox 1238 3425 1328 3478; x_wconf 86' lang='lat' dir='ltr'>euenit</span> <span class='ocrx_word' id='word_1_456' title='bbox 1350 3423 1453 3479; x_wconf 89' lang='lat' dir='ltr'>llrmlor</span> <span class='ocrx_word' id='word_1_457' title='bbox 1472 3424 1618 3491; x_wconf 84' lang='lat' dir='ltr'>memeria;</span> <span class='ocrx_word' id='word_1_458' title='bbox 1634 3440 1696 3481; x_wconf 85' lang='lat' dir='ltr'>narn</span> <span class='ocrx_word' id='word_1_459' title='bbox 1710 3428 1778 3498; x_wconf 80' lang='lat' dir='ltr'>qtrod</span> 
     </span>
     <span class='ocr_line' id='line_1_36' title="bbox 147 3508 1780 3583; baseline 0.003 -15"><span class='ocrx_word' id='word_1_460' title='bbox 147 3522 260 3579; x_wconf 82' lang='lat' dir='ltr'>suestre,</span> <span class='ocrx_word' id='word_1_461' title='bbox 284 3512 356 3582; x_wconf 84' lang='lat' dir='ltr'>qued</span> <span class='ocrx_word' id='word_1_462' title='bbox 378 3524 472 3566; x_wconf 87' lang='lat' dir='ltr'>sensus</span> <span class='ocrx_word' id='word_1_463' title='bbox 491 3510 563 3580; x_wconf 92' lang='lat' dir='ltr'>capit</span> <span class='ocrx_word' id='word_1_464' title='bbox 581 3508 731 3575; x_wconf 79' lang='lat' dir='ltr'>universes,</span> <span class='ocrx_word' id='word_1_465' title='bbox 752 3517 825 3565; x_wconf 84' lang='lat' dir='ltr'>recte</span> <span class='ocrx_word' id='word_1_466' title='bbox 846 3510 937 3566; x_wconf 85' lang='lat' dir='ltr'>cerrix</span> <span class='ocrx_word' id='word_1_467' title='bbox 987 3512 1109 3569; x_wconf 86' lang='lat' dir='ltr'>obliuisci</span> <span class='ocrx_word' id='word_1_468' title='bbox 1120 3526 1274 3583; x_wconf 81' lang='lat' dir='ltr'>pmsumus,</span> <span class='ocrx_word' id='word_1_469' title='bbox 1287 3513 1346 3571; x_wconf 90' lang='lat' dir='ltr'>istis</span> <span class='ocrx_word' id='word_1_470' title='bbox 1356 3514 1536 3570; x_wconf 86' lang='lat' dir='ltr'>scribentibus</span> <span class='ocrx_word' id='word_1_471' title='bbox 1550 3514 1610 3571; x_wconf 91' lang='lat' dir='ltr'>sine</span> <span class='ocrx_word' id='word_1_472' title='bbox 1624 3515 1718 3573; x_wconf 84' lang='lat' dir='ltr'>tabere</span> <span class='ocrx_word' id='word_1_473' title='bbox 1737 3533 1780 3573; x_wconf 86' lang='lat' dir='ltr'>re·</span> 
     </span>
     <span class='ocr_line' id='line_1_37' title="bbox 147 3599 1781 3679; baseline 0.002 -20"><span class='ocrx_word' id='word_1_474' title='bbox 147 3604 226 3676; x_wconf 81' lang='lat' dir='ltr'>quasi</span> <span class='ocrx_word' id='word_1_475' title='bbox 239 3603 359 3673; x_wconf 78' lang='lat' dir='ltr'>quadam</span> <span class='ocrx_word' id='word_1_476' title='bbox 373 3601 496 3657; x_wconf 87' lang='lat' dir='ltr'>columna</span> <span class='ocrx_word' id='word_1_477' title='bbox 509 3599 678 3670; x_wconf 86' lang='lat' dir='ltr'>supponitur,</span> <span class='ocrx_word' id='word_1_478' title='bbox 693 3599 793 3655; x_wconf 86' lang='lat' dir='ltr'>doeens</span> <span class='ocrx_word' id='word_1_479' title='bbox 805 3613 855 3656; x_wconf 92' lang='lat' dir='ltr'>nes</span> <span class='ocrx_word' id='word_1_480' title='bbox 875 3600 938 3657; x_wconf 85' lang='lat' dir='ltr'>reli·</span> <span class='ocrx_word' id='word_1_481' title='bbox 988 3605 1115 3663; x_wconf 84' lang='lat' dir='ltr'>tinemut.</span> <span class='ocrx_word' id='word_1_482' title='bbox 1131 3604 1178 3660; x_wconf 81' lang='lat' dir='ltr'>liae</span> <span class='ocrx_word' id='word_1_483' title='bbox 1191 3613 1254 3660; x_wconf 87' lang='lat' dir='ltr'>suot</span> <span class='ocrx_word' id='word_1_484' title='bbox 1264 3604 1431 3661; x_wconf 83' lang='lat' dir='ltr'>diversarum</span> <span class='ocrx_word' id='word_1_485' title='bbox 1446 3607 1543 3661; x_wconf 88' lang='lat' dir='ltr'>artium</span> <span class='ocrx_word' id='word_1_486' title='bbox 1554 3606 1676 3678; x_wconf 85' lang='lat' dir='ltr'>oplilces,</span> <span class='ocrx_word' id='word_1_487' title='bbox 1692 3617 1721 3665; x_wconf 91' lang='lat' dir='ltr'>et</span> <span class='ocrx_word' id='word_1_488' title='bbox 1734 3625 1781 3679; x_wconf 87' lang='lat' dir='ltr'>pe-</span> 
     </span>
     <span class='ocr_line' id='line_1_38' title="bbox 147 3690 1782 3771; baseline -0.001 -19"><span class='ocrx_word' id='word_1_489' title='bbox 147 3698 255 3768; x_wconf 76' lang='lat' dir='ltr'>pioncm</span> <span class='ocrx_word' id='word_1_490' title='bbox 264 3705 383 3753; x_wconf 88' lang='lat' dir='ltr'>sanctam</span> <span class='ocrx_word' id='word_1_491' title='bbox 394 3697 421 3751; x_wconf 91' lang='lat' dir='ltr'>in</span> <span class='ocrx_word' id='word_1_492' title='bbox 432 3710 511 3751; x_wconf 88' lang='lat' dir='ltr'>unam</span> <span class='ocrx_word' id='word_1_493' title='bbox 520 3694 583 3752; x_wconf 90' lang='lat' dir='ltr'>ildei</span> <span class='ocrx_word' id='word_1_494' title='bbox 592 3695 739 3750; x_wconf 89' lang='lat' dir='ltr'>consistere</span> <span class='ocrx_word' id='word_1_495' title='bbox 747 3692 938 3749; x_wconf 86' lang='lat' dir='ltr'>validissimam</span> <span class='ocrx_word' id='word_1_496' title='bbox 989 3690 1024 3753; x_wconf 91' lang='lat' dir='ltr'>ne</span> <span class='ocrx_word' id='word_1_497' title='bbox 1042 3696 1124 3752; x_wconf 87' lang='lat' dir='ltr'>letius</span> <span class='ocrx_word' id='word_1_498' title='bbox 1139 3703 1237 3752; x_wconf 79' lang='lat' dir='ltr'>nostros</span> <span class='ocrx_word' id='word_1_499' title='bbox 1251 3698 1414 3766; x_wconf 87' lang='lat' dir='ltr'>operationis</span> <span class='ocrx_word' id='word_1_500' title='bbox 1428 3698 1548 3755; x_wconf 83' lang='lat' dir='ltr'>edoctus.</span> <span class='ocrx_word' id='word_1_501' title='bbox 1562 3697 1630 3754; x_wconf 84' lang='lat' dir='ltr'>llam</span> <span class='ocrx_word' id='word_1_502' title='bbox 1644 3699 1707 3771; x_wconf 87' lang='lat' dir='ltr'>quid</span> <span class='ocrx_word' id='word_1_503' title='bbox 1722 3715 1782 3770; x_wconf 84' lang='lat' dir='ltr'>prn-</span> 
     </span>
     <span class='ocr_line' id='line_1_39' title="bbox 147 3783 1781 3859; baseline -0.006 -16"><span class='ocrx_word' id='word_1_504' title='bbox 147 3789 312 3845; x_wconf 86' lang='lat' dir='ltr'>drntitatem.</span> <span class='ocrx_word' id='word_1_505' title='bbox 327 3787 428 3858; x_wconf 69' lang='lat' dir='ltr'>lainpua</span> <span class='ocrx_word' id='word_1_506' title='bbox 442 3799 558 3859; x_wconf 84' lang='lat' dir='ltr'>quoque,</span> <span class='ocrx_word' id='word_1_507' title='bbox 576 3787 649 3841; x_wconf 86' lang='lat' dir='ltr'>socie</span> <span class='ocrx_word' id='word_1_508' title='bbox 669 3794 767 3841; x_wconf 76' lang='lat' dir='ltr'>nestra</span> <span class='ocrx_word' id='word_1_509' title='bbox 780 3783 940 3841; x_wconf 79' lang='lat' dir='ltr'>decentissi·</span> <span class='ocrx_word' id='word_1_510' title='bbox 988 3787 1080 3845; x_wconf 64' lang='lat' dir='ltr'>deeset</span> <span class='ocrx_word' id='word_1_511' title='bbox 1096 3800 1205 3843; x_wconf 67' lang='lat' dir='ltr'>pensum</span> <span class='ocrx_word' id='word_1_512' title='bbox 1220 3788 1307 3858; x_wconf 63' lang='lat' dir='ltr'>aitqua</span> <span class='ocrx_word' id='word_1_513' title='bbox 1325 3786 1445 3843; x_wconf 61' lang='lat' dir='ltr'>rapienda</span> <span class='ocrx_word' id='word_1_514' title='bbox 1460 3792 1611 3858; x_wconf 60' lang='lat' dir='ltr'>concepere,</span> <span class='ocrx_word' id='word_1_515' title='bbox 1626 3790 1651 3844; x_wconf 64' lang='lat' dir='ltr'>gt</span> <span class='ocrx_word' id='word_1_516' title='bbox 1668 3790 1725 3844; x_wconf 57' lang='lat' dir='ltr'>pm·</span> <span class='ocrx_word' id='word_1_517' title='bbox 1743 3794 1781 3843; x_wconf 58' lang='lat' dir='ltr'>tp.</span> 
     </span>
     <span class='ocr_line' id='line_1_40' title="bbox 148 3877 1782 3951; baseline -0.002 -15"><span class='ocrx_word' id='word_1_518' title='bbox 148 3894 223 3936; x_wconf 87' lang='lat' dir='ltr'>mum</span> <span class='ocrx_word' id='word_1_519' title='bbox 245 3881 388 3951; x_wconf 84' lang='lat' dir='ltr'>plectrum,</span> <span class='ocrx_word' id='word_1_520' title='bbox 412 3879 475 3935; x_wconf 86' lang='lat' dir='ltr'>data</span> <span class='ocrx_word' id='word_1_521' title='bbox 494 3886 536 3934; x_wconf 86' lang='lat' dir='ltr'>est</span> <span class='ocrx_word' id='word_1_522' title='bbox 556 3877 589 3935; x_wconf 89' lang='lat' dir='ltr'>ad</span> <span class='ocrx_word' id='word_1_523' title='bbox 611 3890 764 3934; x_wconf 86' lang='lat' dir='ltr'>sermonum</span> <span class='ocrx_word' id='word_1_524' title='bbox 788 3883 939 3933; x_wconf 87' lang='lat' dir='ltr'>nostrorum</span> <span class='ocrx_word' id='word_1_525' title='bbox 989 3877 1096 3934; x_wconf 68' lang='lat' dir='ltr'>borion</span> <span class='ocrx_word' id='word_1_526' title='bbox 1120 3891 1216 3933; x_wconf 90' lang='lat' dir='ltr'>manns</span> <span class='ocrx_word' id='word_1_527' title='bbox 1238 3892 1291 3933; x_wconf 91' lang='lat' dir='ltr'>non</span> <span class='ocrx_word' id='word_1_528' title='bbox 1312 3877 1473 3949; x_wconf 87' lang='lat' dir='ltr'>pmbaretur</span> <span class='ocrx_word' id='word_1_529' title='bbox 1495 3878 1629 3949; x_wconf 80' lang='lat' dir='ltr'>impleret</span> <span class='ocrx_word' id='word_1_530' title='bbox 1644 3878 1700 3935; x_wconf 83' lang='lat' dir='ltr'>lice</span> <span class='ocrx_word' id='word_1_531' title='bbox 1717 3879 1782 3934; x_wconf 79' lang='lat' dir='ltr'>iliud</span> 
     </span>
     <span class='ocr_line' id='line_1_41' title="bbox 150 3965 1783 4042; baseline -0.006 -4"><span class='ocrx_word' id='word_1_532' title='bbox 150 3971 363 4027; x_wconf 72' lang='lat' dir='ltr'>consedentium</span> <span class='ocrx_word' id='word_1_533' title='bbox 381 3967 694 4038; x_wconf 59' lang='lat' dir='ltr'>emperanuanmtnos</span> <span class='ocrx_word' id='word_1_534' title='bbox 705 3965 939 4023; x_wconf 67' lang='lat' dir='ltr'>introeuntem</span> <span class='ocrx_word' id='word_1_535' title='bbox 989 3971 1106 4029; x_wconf 76' lang='lat' dir='ltr'>srbttror</span> <span class='ocrx_word' id='word_1_536' title='bbox 1120 3973 1345 4041; x_wconf 75' lang='lat' dir='ltr'>pretereuntem,</span> <span class='ocrx_word' id='word_1_537' title='bbox 1358 3973 1429 4042; x_wconf 73' lang='lat' dir='ltr'>quoe</span> <span class='ocrx_word' id='word_1_538' title='bbox 1439 3971 1522 4042; x_wconf 82' lang='lat' dir='ltr'>pedes</span> <span class='ocrx_word' id='word_1_539' title='bbox 1532 3972 1618 4028; x_wconf 77' lang='lat' dir='ltr'>mern</span> <span class='ocrx_word' id='word_1_540' title='bbox 1633 3987 1783 4042; x_wconf 73' lang='lat' dir='ltr'>manusque</span> 
     </span>
     <span class='ocr_line' id='line_1_42' title="bbox 150 4055 1784 4134; baseline 0 -16"><span class='ocrx_word' id='word_1_541' title='bbox 150 4062 186 4118; x_wconf 81' lang='lat' dir='ltr'>ab</span> <span class='ocrx_word' id='word_1_542' title='bbox 198 4064 352 4118; x_wconf 81' lang='lat' dir='ltr'>animalium</span> <span class='ocrx_word' id='word_1_543' title='bbox 365 4059 522 4118; x_wconf 81' lang='lat' dir='ltr'>contusione</span> <span class='ocrx_word' id='word_1_544' title='bbox 534 4058 738 4128; x_wconf 74' lang='lat' dir='ltr'>distinguerent.</span> <span class='ocrx_word' id='word_1_545' title='bbox 753 4058 807 4112; x_wconf 83' lang='lat' dir='ltr'>Nec</span> <span class='ocrx_word' id='word_1_546' title='bbox 820 4055 886 4111; x_wconf 86' lang='lat' dir='ltr'>illud</span> <span class='ocrx_word' id='word_1_547' title='bbox 897 4055 940 4110; x_wconf 89' lang='lat' dir='ltr'>si·</span> <span class='ocrx_word' id='word_1_548' title='bbox 990 4063 1097 4119; x_wconf 79' lang='lat' dir='ltr'>denaria</span> <span class='ocrx_word' id='word_1_549' title='bbox 1110 4061 1253 4131; x_wconf 73' lang='lat' dir='ltr'>digitorum</span> <span class='ocrx_word' id='word_1_550' title='bbox 1274 4063 1422 4134; x_wconf 83' lang='lat' dir='ltr'>quantitate</span> <span class='ocrx_word' id='word_1_551' title='bbox 1442 4061 1592 4119; x_wconf 89' lang='lat' dir='ltr'>iormantnr</span> <span class='ocrx_word' id='word_1_552' title='bbox 1606 4062 1634 4130; x_wconf 68' lang='lat' dir='ltr'>i,</span> <span class='ocrx_word' id='word_1_553' title='bbox 1650 4074 1679 4119; x_wconf 93' lang='lat' dir='ltr'>ut</span> <span class='ocrx_word' id='word_1_554' title='bbox 1692 4078 1784 4119; x_wconf 89' lang='lat' dir='ltr'>cursus</span> 
     </span>
     <span class='ocr_line' id='line_1_43' title="bbox 150 4147 1784 4224; baseline -0.005 -14"><span class='ocrx_word' id='word_1_555' title='bbox 150 4156 246 4210; x_wconf 70' lang='lat' dir='ltr'>desim</span> <span class='ocrx_word' id='word_1_556' title='bbox 265 4154 416 4218; x_wconf 73' lang='lat' dir='ltr'>ineassum,</span> <span class='ocrx_word' id='word_1_557' title='bbox 430 4150 501 4223; x_wconf 85' lang='lat' dir='ltr'>quod</span> <span class='ocrx_word' id='word_1_558' title='bbox 517 4151 561 4206; x_wconf 79' lang='lat' dir='ltr'>otti</span> <span class='ocrx_word' id='word_1_559' title='bbox 576 4149 675 4221; x_wconf 77' lang='lat' dir='ltr'>gutturi</span> <span class='ocrx_word' id='word_1_560' title='bbox 686 4148 747 4203; x_wconf 80' lang='lat' dir='ltr'>dttae</span> <span class='ocrx_word' id='word_1_561' title='bbox 761 4149 881 4204; x_wconf 74' lang='lat' dir='ltr'>serviunt</span> <span class='ocrx_word' id='word_1_562' title='bbox 900 4147 942 4202; x_wconf 84' lang='lat' dir='ltr'>dl·</span> <span class='ocrx_word' id='word_1_563' title='bbox 990 4156 1053 4210; x_wconf 66' lang='lat' dir='ltr'>vita</span> <span class='ocrx_word' id='word_1_564' title='bbox 1066 4162 1164 4209; x_wconf 71' lang='lat' dir='ltr'>pnsum</span> <span class='ocrx_word' id='word_1_565' title='bbox 1182 4163 1262 4221; x_wconf 77' lang='lat' dir='ltr'>etque</span> <span class='ocrx_word' id='word_1_566' title='bbox 1280 4155 1401 4224; x_wconf 71' lang='lat' dir='ltr'>operatio</span> <span class='ocrx_word' id='word_1_567' title='bbox 1417 4165 1583 4210; x_wconf 76' lang='lat' dir='ltr'>memmenta</span> <span class='ocrx_word' id='word_1_568' title='bbox 1598 4155 1719 4211; x_wconf 65' lang='lat' dir='ltr'>eminetis</span> <span class='ocrx_word' id='word_1_569' title='bbox 1734 4157 1784 4211; x_wconf 72' lang='lat' dir='ltr'>ne·</span> 
     </span>
     <span class='ocr_line' id='line_1_44' title="bbox 151 4241 1786 4321; baseline -0.002 -16"><span class='ocrx_word' id='word_1_570' title='bbox 151 4251 297 4321; x_wconf 70' lang='lat' dir='ltr'>pastiones,</span> <span class='ocrx_word' id='word_1_571' title='bbox 324 4247 437 4312; x_wconf 89' lang='lat' dir='ltr'>scilicet,</span> <span class='ocrx_word' id='word_1_572' title='bbox 462 4254 493 4301; x_wconf 92' lang='lat' dir='ltr'>nt</span> <span class='ocrx_word' id='word_1_573' title='bbox 514 4245 602 4302; x_wconf 88' lang='lat' dir='ltr'>otnnis</span> <span class='ocrx_word' id='word_1_574' title='bbox 626 4243 778 4299; x_wconf 87' lang='lat' dir='ltr'>intellectus</span> <span class='ocrx_word' id='word_1_575' title='bbox 802 4241 941 4313; x_wconf 88' lang='lat' dir='ltr'>prudentis</span> <span class='ocrx_word' id='word_1_576' title='bbox 991 4246 1075 4317; x_wconf 76' lang='lat' dir='ltr'>calepi</span> <span class='ocrx_word' id='word_1_577' title='bbox 1088 4246 1237 4302; x_wconf 87' lang='lat' dir='ltr'>contineret</span> <span class='ocrx_word' id='word_1_578' title='bbox 1252 4261 1306 4302; x_wconf 79' lang='lat' dir='ltr'>sne</span> <span class='ocrx_word' id='word_1_579' title='bbox 1318 4254 1415 4316; x_wconf 78' lang='lat' dir='ltr'>prater</span> <span class='ocrx_word' id='word_1_580' title='bbox 1428 4247 1513 4316; x_wconf 71' lang='lat' dir='ltr'>ierem</span> <span class='ocrx_word' id='word_1_581' title='bbox 1524 4247 1606 4319; x_wconf 71' lang='lat'>635</span> <span class='ocrx_word' id='word_1_582' title='bbox 1619 4248 1726 4303; x_wconf 84' lang='lat' dir='ltr'>Domini</span> <span class='ocrx_word' id='word_1_583' title='bbox 1741 4259 1786 4303; x_wconf 87' lang='lat' dir='ltr'>aut</span> 
     </span>
     <span class='ocr_line' id='line_1_45' title="bbox 151 4335 1786 4410; baseline -0.004 -14"><span class='ocrx_word' id='word_1_584' title='bbox 151 4341 344 4410; x_wconf 65' lang='lat' dir='ltr'>animaequae</span> <span class='ocrx_word' id='word_1_585' title='bbox 357 4340 432 4396; x_wconf 89' lang='lat' dir='ltr'>cibus</span> <span class='ocrx_word' id='word_1_586' title='bbox 442 4346 578 4410; x_wconf 83' lang='lat' dir='ltr'>aceeptus,</span> <span class='ocrx_word' id='word_1_587' title='bbox 593 4345 621 4394; x_wconf 90' lang='lat' dir='ltr'>et</span> <span class='ocrx_word' id='word_1_588' title='bbox 634 4336 745 4392; x_wconf 89' lang='lat' dir='ltr'>rationis</span> <span class='ocrx_word' id='word_1_589' title='bbox 759 4336 848 4391; x_wconf 85' lang='lat' dir='ltr'>calere</span> <span class='ocrx_word' id='word_1_590' title='bbox 861 4336 942 4390; x_wconf 89' lang='lat' dir='ltr'>deee-</span> <span class='ocrx_word' id='word_1_591' title='bbox 992 4335 1110 4405; x_wconf 73' lang='lat' dir='ltr'>cepitare</span> <span class='ocrx_word' id='word_1_592' title='bbox 1119 4335 1281 4407; x_wconf 85' lang='lat' dir='ltr'>aliquid,ant</span> <span class='ocrx_word' id='word_1_593' title='bbox 1289 4350 1368 4407; x_wconf 75' lang='lat' dir='ltr'>spere</span> <span class='ocrx_word' id='word_1_594' title='bbox 1378 4336 1545 4392; x_wconf 83' lang='lat' dir='ltr'>deberemus.</span> <span class='ocrx_word' id='word_1_595' title='bbox 1553 4336 1648 4393; x_wconf 74' lang='lat' dir='ltr'>Facies</span> <span class='ocrx_word' id='word_1_596' title='bbox 1657 4339 1714 4408; x_wconf 83' lang='lat' dir='ltr'>ipsa</span> <span class='ocrx_word' id='word_1_597' title='bbox 1726 4352 1786 4409; x_wconf 85' lang='lat' dir='ltr'>prn-</span> 
     </span>
     <span class='ocr_line' id='line_1_46' title="bbox 151 4424 1787 4505; baseline -0.002 -19"><span class='ocrx_word' id='word_1_598' title='bbox 151 4438 221 4495; x_wconf 88' lang='lat' dir='ltr'>etus,</span> <span class='ocrx_word' id='word_1_599' title='bbox 234 4444 282 4501; x_wconf 87' lang='lat' dir='ltr'>pcr</span> <span class='ocrx_word' id='word_1_600' title='bbox 291 4431 395 4500; x_wconf 72' lang='lat' dir='ltr'>gemina</span> <span class='ocrx_word' id='word_1_601' title='bbox 407 4430 640 4486; x_wconf 87' lang='lat' dir='ltr'>Testamentornm</span> <span class='ocrx_word' id='word_1_602' title='bbox 660 4428 755 4481; x_wconf 89' lang='lat' dir='ltr'>itinero</span> <span class='ocrx_word' id='word_1_603' title='bbox 767 4427 942 4497; x_wconf 85' lang='lat' dir='ltr'>competenti·</span> <span class='ocrx_word' id='word_1_604' title='bbox 955 4425 1091 4505; x_wconf 77' lang='lat' dir='ltr'>Ddentise</span> <span class='ocrx_word' id='word_1_605' title='bbox 1105 4424 1227 4495; x_wconf 88' lang='lat' dir='ltr'>patelacit</span> <span class='ocrx_word' id='word_1_606' title='bbox 1240 4425 1353 4493; x_wconf 86' lang='lat' dir='ltr'>indicia;</span> <span class='ocrx_word' id='word_1_607' title='bbox 1369 4428 1395 4481; x_wconf 88' lang='lat' dir='ltr'>in</span> <span class='ocrx_word' id='word_1_608' title='bbox 1417 4424 1505 4496; x_wconf 73' lang='lat' dir='ltr'>stupis</span> <span class='ocrx_word' id='word_1_609' title='bbox 1519 4435 1609 4482; x_wconf 85' lang='lat' dir='ltr'>costra</span> <span class='ocrx_word' id='word_1_610' title='bbox 1629 4438 1730 4483; x_wconf 85' lang='lat' dir='ltr'>creent</span> <span class='ocrx_word' id='word_1_611' title='bbox 1743 4443 1787 4483; x_wconf 89' lang='lat' dir='ltr'>ec-</span> 
     </span>
     <span class='ocr_line' id='line_1_47' title="bbox 153 4516 1788 4591; baseline 0 -16"><span class='ocrx_word' id='word_1_612' title='bbox 153 4520 202 4575; x_wconf 85' lang='lat' dir='ltr'>bus</span> <span class='ocrx_word' id='word_1_613' title='bbox 213 4520 370 4576; x_wconf 77' lang='lat' dir='ltr'>tractanbus</span> <span class='ocrx_word' id='word_1_614' title='bbox 381 4520 536 4589; x_wconf 76' lang='lat' dir='ltr'>explicetur.</span> <span class='ocrx_word' id='word_1_615' title='bbox 558 4519 591 4574; x_wconf 86' lang='lat' dir='ltr'>Et</span> <span class='ocrx_word' id='word_1_616' title='bbox 603 4519 729 4589; x_wconf 80' lang='lat' dir='ltr'>qurirrlam</span> <span class='ocrx_word' id='word_1_617' title='bbox 746 4531 830 4585; x_wconf 84' lang='lat' dir='ltr'>neeue</span> <span class='ocrx_word' id='word_1_618' title='bbox 844 4531 939 4586; x_wconf 85' lang='lat' dir='ltr'>corrrn,</span> <span class='ocrx_word' id='word_1_619' title='bbox 992 4517 1071 4573; x_wconf 78' lang='lat' dir='ltr'>celte</span> <span class='ocrx_word' id='word_1_620' title='bbox 1083 4516 1269 4588; x_wconf 78' lang='lat' dir='ltr'>cogitationes,</span> <span class='ocrx_word' id='word_1_621' title='bbox 1282 4525 1354 4573; x_wconf 85' lang='lat' dir='ltr'>etex</span> <span class='ocrx_word' id='word_1_622' title='bbox 1369 4516 1420 4572; x_wconf 83' lang='lat' dir='ltr'>lise</span> <span class='ocrx_word' id='word_1_623' title='bbox 1431 4527 1507 4586; x_wconf 82' lang='lat' dir='ltr'>parte</span> <span class='ocrx_word' id='word_1_624' title='bbox 1519 4519 1692 4587; x_wconf 73' lang='lat' dir='ltr'>cognoscitur</span> <span class='ocrx_word' id='word_1_625' title='bbox 1703 4519 1788 4591; x_wconf 80' lang='lat' dir='ltr'>qualis</span> 
     </span>
     <span class='ocr_line' id='line_1_48' title="bbox 153 4607 1537 4683; baseline -0.003 -15"><span class='ocrx_word' id='word_1_626' title='bbox 153 4627 241 4683; x_wconf 76' lang='lat' dir='ltr'>ncesse</span> <span class='ocrx_word' id='word_1_627' title='bbox 254 4612 345 4678; x_wconf 88' lang='lat' dir='ltr'>dente,</span> <span class='ocrx_word' id='word_1_628' title='bbox 357 4626 443 4681; x_wconf 82' lang='lat' dir='ltr'>neque</span> <span class='ocrx_word' id='word_1_629' title='bbox 455 4611 518 4682; x_wconf 76' lang='lat' dir='ltr'>iuga</span> <span class='ocrx_word' id='word_1_630' title='bbox 528 4611 609 4682; x_wconf 88' lang='lat' dir='ltr'>(sicet</span> <span class='ocrx_word' id='word_1_631' title='bbox 622 4610 674 4666; x_wconf 83' lang='lat' dir='ltr'>alia</span> <span class='ocrx_word' id='word_1_632' title='bbox 688 4607 835 4675; x_wconf 76' lang='lat' dir='ltr'>animalia),</span> <span class='ocrx_word' id='word_1_633' title='bbox 848 4624 943 4679; x_wconf 89' lang='lat' dir='ltr'>cerpe-</span> <span class='ocrx_word' id='word_1_634' title='bbox 994 4609 1067 4667; x_wconf 92' lang='lat' dir='ltr'>intus</span> <span class='ocrx_word' id='word_1_635' title='bbox 1076 4610 1181 4664; x_wconf 85' lang='lat' dir='ltr'>animm</span> <span class='ocrx_word' id='word_1_636' title='bbox 1193 4609 1367 4678; x_wconf 82' lang='lat' dir='ltr'>voluntasque</span> <span class='ocrx_word' id='word_1_637' title='bbox 1378 4619 1499 4665; x_wconf 77' lang='lat' dir='ltr'>versetur</span> <span class='ocrx_word' id='word_1_638' title='bbox 1512 4617 1537 4664; x_wconf 60' lang='grc' dir='ltr'>ι.</span> 
     </span>
    </p>

    <p class='ocr_par' dir='ltr' id='par_1_11' title="bbox 153 4698 1790 5053">
     <span class='ocr_line' id='line_1_49' title="bbox 153 4698 1785 4776; baseline -0.001 -17"><span class='ocrx_word' id='word_1_639' title='bbox 153 4701 309 4759; x_wconf 77' lang='lat' dir='ltr'>ronanam</span> <span class='ocrx_word' id='word_1_640' title='bbox 320 4701 405 4758; x_wconf 88' lang='lat' dir='ltr'>iormt</span> <span class='ocrx_word' id='word_1_641' title='bbox 420 4715 449 4756; x_wconf 90' lang='lat' dir='ltr'>ss</span> <span class='ocrx_word' id='word_1_642' title='bbox 460 4701 589 4770; x_wconf 83' lang='lat' dir='ltr'>protelet</span> <span class='ocrx_word' id='word_1_643' title='bbox 600 4699 746 4762; x_wconf 84' lang='lat' dir='ltr'>vindicare,</span> <span class='ocrx_word' id='word_1_644' title='bbox 761 4698 886 4754; x_wconf 89' lang='lat' dir='ltr'>robustus</span> <span class='ocrx_word' id='word_1_645' title='bbox 905 4699 943 4755; x_wconf 90' lang='lat' dir='ltr'>illi</span> <span class='ocrx_word' id='word_1_646' title='bbox 1030 4704 1126 4762; x_wconf 80' lang='lat' dir='ltr'>Vultus</span> <span class='ocrx_word' id='word_1_647' title='bbox 1148 4704 1281 4776; x_wconf 83' lang='lat' dir='ltr'>siqnidem</span> <span class='ocrx_word' id='word_1_648' title='bbox 1304 4713 1405 4771; x_wconf 89' lang='lat' dir='ltr'>noster,</span> <span class='ocrx_word' id='word_1_649' title='bbox 1420 4703 1465 4772; x_wconf 83' lang='lat' dir='ltr'>eni</span> <span class='ocrx_word' id='word_1_650' title='bbox 1479 4717 1494 4757; x_wconf 90' lang='lat' dir='ltr'>a</span> <span class='ocrx_word' id='word_1_651' title='bbox 1508 4701 1647 4757; x_wconf 84' lang='lat' dir='ltr'>voluntate</span> <span class='ocrx_word' id='word_1_652' title='bbox 1665 4702 1785 4758; x_wconf 87' lang='lat' dir='ltr'>nomina·</span> 
     </span>
     <span class='ocr_line' id='line_1_50' title="bbox 155 4788 1789 4866; baseline -0.002 -17"><span class='ocrx_word' id='word_1_653' title='bbox 155 4795 253 4849; x_wconf 74' lang='lat' dir='ltr'>tuerat</span> <span class='ocrx_word' id='word_1_654' title='bbox 267 4793 429 4863; x_wconf 80' lang='lat' dir='ltr'>laraclaiaque</span> <span class='ocrx_word' id='word_1_655' title='bbox 439 4806 567 4848; x_wconf 85' lang='lat' dir='ltr'>concessa</span> <span class='ocrx_word' id='word_1_656' title='bbox 580 4801 652 4857; x_wconf 86' lang='lat' dir='ltr'>sunt,</span> <span class='ocrx_word' id='word_1_657' title='bbox 667 4797 697 4845; x_wconf 89' lang='lat' dir='ltr'>ut</span> <span class='ocrx_word' id='word_1_658' title='bbox 709 4788 808 4845; x_wconf 88' lang='lat' dir='ltr'>illatam</span> <span class='ocrx_word' id='word_1_659' title='bbox 819 4789 943 4860; x_wconf 77' lang='lat' dir='ltr'>injuriam</span> <span class='ocrx_word' id='word_1_660' title='bbox 997 4804 1052 4862; x_wconf 87' lang='lat' dir='ltr'>tur,</span> <span class='ocrx_word' id='word_1_661' title='bbox 1070 4795 1209 4866; x_wconf 87' lang='lat' dir='ltr'>speculum</span> <span class='ocrx_word' id='word_1_662' title='bbox 1230 4793 1363 4865; x_wconf 84' lang='lat' dir='ltr'>quoddam</span> <span class='ocrx_word' id='word_1_663' title='bbox 1377 4805 1418 4848; x_wconf 87' lang='lat' dir='ltr'>est</span> <span class='ocrx_word' id='word_1_664' title='bbox 1431 4794 1528 4848; x_wconf 84' lang='lat' dir='ltr'>animae</span> <span class='ocrx_word' id='word_1_665' title='bbox 1540 4806 1596 4847; x_wconf 78' lang='lat' dir='ltr'>sue</span> <span class='ocrx_word' id='word_1_666' title='bbox 1611 4807 1619 4846; x_wconf 81' lang='lat' dir='ltr'>a</span> <span class='ocrx_word' id='word_1_667' title='bbox 1635 4791 1697 4862; x_wconf 78' lang='lat' dir='ltr'>quia</span> <span class='ocrx_word' id='word_1_668' title='bbox 1719 4790 1789 4861; x_wconf 79' lang='lat' dir='ltr'>qtae</span> 
     </span>
     <span class='ocr_line' id='line_1_51' title="bbox 155 4880 1790 4957; baseline -0.006 -15"><span class='ocrx_word' id='word_1_669' title='bbox 155 4900 236 4942; x_wconf 88' lang='lat' dir='ltr'>manu</span> <span class='ocrx_word' id='word_1_670' title='bbox 251 4885 423 4952; x_wconf 74' lang='lat' dir='ltr'>defenderet,</span> <span class='ocrx_word' id='word_1_671' title='bbox 435 4896 466 4943; x_wconf 87' lang='lat' dir='ltr'>et</span> <span class='ocrx_word' id='word_1_672' title='bbox 479 4885 585 4956; x_wconf 78' lang='lat' dir='ltr'>obiectu</span> <span class='ocrx_word' id='word_1_673' title='bbox 602 4884 718 4956; x_wconf 86' lang='lat' dir='ltr'>pectoris</span> <span class='ocrx_word' id='word_1_674' title='bbox 731 4881 797 4955; x_wconf 78' lang='lat' dir='ltr'>led..</span> <span class='ocrx_word' id='word_1_675' title='bbox 811 4883 943 4957; x_wconf 81' lang='lat' dir='ltr'>corperis]</span> <span class='ocrx_word' id='word_1_676' title='bbox 993 4886 1206 4943; x_wconf 76' lang='lat' dir='ltr'>rementiatur</span> <span class='ocrx_word' id='word_1_677' title='bbox 1219 4898 1272 4940; x_wconf 89' lang='lat' dir='ltr'>nen</span> <span class='ocrx_word' id='word_1_678' title='bbox 1289 4886 1423 4951; x_wconf 89' lang='lat' dir='ltr'>cernitar,</span> <span class='ocrx_word' id='word_1_679' title='bbox 1436 4899 1484 4956; x_wconf 91' lang='lat' dir='ltr'>per</span> <span class='ocrx_word' id='word_1_680' title='bbox 1505 4883 1584 4952; x_wconf 84' lang='lat' dir='ltr'>bajus</span> <span class='ocrx_word' id='word_1_681' title='bbox 1597 4880 1721 4937; x_wconf 86' lang='lat' dir='ltr'>habitem</span> <span class='ocrx_word' id='word_1_682' title='bbox 1735 4883 1790 4936; x_wconf 83' lang='lat' dir='ltr'>eri·</span> 
     </span>
     <span class='ocr_line' id='line_1_52' title="bbox 154 4969 1790 5053; baseline -0.006 -16"><span class='ocrx_word' id='word_1_683' title='bbox 154 4981 231 5052; x_wconf 77' lang='lat' dir='ltr'>euasi</span> <span class='ocrx_word' id='word_1_684' title='bbox 250 4979 366 5051; x_wconf 79' lang='lat' dir='ltr'>quedam</span> <span class='ocrx_word' id='word_1_685' title='bbox 389 4981 487 5053; x_wconf 81' lang='lat' dir='ltr'>clypco</span> <span class='ocrx_word' id='word_1_686' title='bbox 509 4978 667 5036; x_wconf 83' lang='lat' dir='ltr'>uindicaret.</span> <span class='ocrx_word' id='word_1_687' title='bbox 689 4986 704 5017; x_wconf 78' lang='lat'>⁸</span> <span class='ocrx_word' id='word_1_688' title='bbox 720 4976 855 5033; x_wconf 78' lang='lat' dir='ltr'>Genitalis</span> <span class='ocrx_word' id='word_1_689' title='bbox 879 4990 944 5035; x_wconf 86' lang='lat' dir='ltr'>rste</span> <span class='ocrx_word' id='word_1_690' title='bbox 993 4975 1151 5036; x_wconf 87' lang='lat' dir='ltr'>deotissime</span> <span class='ocrx_word' id='word_1_691' title='bbox 1172 4976 1336 5033; x_wconf 85' lang='lat' dir='ltr'>declaratur.</span> <span class='ocrx_word' id='word_1_692' title='bbox 1355 4975 1459 5044; x_wconf 83' lang='lat' dir='ltr'>Quanta</span> <span class='ocrx_word' id='word_1_693' title='bbox 1480 4971 1585 5046; x_wconf 90' lang='lat' dir='ltr'>possint</span> <span class='ocrx_word' id='word_1_694' title='bbox 1605 4969 1642 5028; x_wconf 87' lang='lat' dir='ltr'>de</span> <span class='ocrx_word' id='word_1_695' title='bbox 1664 4973 1790 5028; x_wconf 87' lang='lat' dir='ltr'>membris</span> 
     </span>
    </p>
   </div>
   <div class='ocr_carea' id='block_1_8' title="bbox 157 5188 1795 5760">
    <p class='ocr_par' dir='ltr' id='par_1_12' title="bbox 157 5188 1795 5760">
     <span class='ocr_line' id='line_1_53' title="bbox 193 5188 1793 5270; baseline -0.009 -10"><span class='ocrx_word' id='word_1_696' title='bbox 193 5203 349 5260; x_wconf 71' lang='lat' dir='ltr'>&#39;Genitalis</span> <span class='ocrx_word' id='word_1_697' title='bbox 363 5199 473 5257; x_wconf 86' lang='lat' dir='ltr'>membri</span> <span class='ocrx_word' id='word_1_698' title='bbox 486 5199 609 5269; x_wconf 81' lang='lat' dir='ltr'>tllpnitas.</span> <span class='ocrx_word' id='word_1_699' title='bbox 625 5198 814 5269; x_wconf 72' lang='lat' dir='ltr'>ildeGrepor.</span> <span class='ocrx_word' id='word_1_700' title='bbox 827 5197 943 5269; x_wconf 78' lang='lat' dir='ltr'>Nyssen.</span> <span class='ocrx_word' id='word_1_701' title='bbox 998 5197 1116 5255; x_wconf 83' lang='lat' dir='ltr'>sterilem</span> <span class='ocrx_word' id='word_1_702' title='bbox 1148 5197 1322 5270; x_wconf 82' lang='lat' dir='ltr'>voluptatem.</span> <span class='ocrx_word' id='word_1_703' title='bbox 1360 5195 1437 5254; x_wconf 77' lang='lat' dir='ltr'>note</span> <span class='ocrx_word' id='word_1_704' title='bbox 1470 5195 1559 5253; x_wconf 89' lang='lat' dir='ltr'>lecum</span> <span class='ocrx_word' id='word_1_705' title='bbox 1592 5188 1793 5250; x_wconf 73' lang='lat' dir='ltr'>[deuteronomii</span> 
     </span>
     <span class='ocr_line' id='line_1_54' title="bbox 157 5267 1742 5377; baseline -0.008 -47"><span class='ocrx_word' id='word_1_706' title='bbox 157 5276 191 5331; x_wconf 90' lang='lat' dir='ltr'>de</span> <span class='ocrx_word' id='word_1_707' title='bbox 199 5276 274 5342; x_wconf 78' lang='lat' dir='ltr'>Fide,</span> <span class='ocrx_word' id='word_1_708' title='bbox 286 5274 451 5328; x_wconf 76' lang='lat' dir='ltr'>lactantium</span> <span class='ocrx_word' id='word_1_709' title='bbox 463 5271 509 5325; x_wconf 88' lang='lat' dir='ltr'>lib.</span> <span class='ocrx_word' id='word_1_710' title='bbox 520 5268 671 5336; x_wconf 82' lang='lat' dir='ltr'>deopilctn</span> <span class='ocrx_word' id='word_1_711' title='bbox 683 5268 728 5324; x_wconf 81' lang='lat' dir='ltr'>Del</span> <span class='ocrx_word' id='word_1_712' title='bbox 737 5283 795 5335; x_wconf 85' lang='lat' dir='ltr'>esp.</span> <span class='ocrx_word' id='word_1_713' title='bbox 809 5267 852 5321; x_wconf 79' lang='grc'>15.</span> <span class='ocrx_word' id='word_1_714' title='bbox 864 5269 945 5334; x_wconf 82' lang='lat' dir='ltr'>Queri</span> <span class='ocrx_word' id='word_1_715' title='bbox 998 5282 1058 5377; x_wconf 62' lang='lat' dir='ltr'>cap.</span> <span class='ocrx_word' id='word_1_716' title='bbox 1075 5282 1139 5322; x_wconf 74' lang='grc' dir='ltr'>ιιι.</span> <span class='ocrx_word' id='word_1_717' title='bbox 1736 5333 1742 5343; x_wconf 31' lang='grc' dir='ltr'>Ι</span> 
     </span>
     <span class='ocr_line' id='line_1_55' title="bbox 157 5328 1793 5411; baseline -0.013 -8"><span class='ocrx_word' id='word_1_718' title='bbox 157 5345 224 5403; x_wconf 84' lang='lat' dir='ltr'>satis</span> <span class='ocrx_word' id='word_1_719' title='bbox 236 5356 277 5401; x_wconf 91' lang='lat' dir='ltr'>est</span> <span class='ocrx_word' id='word_1_720' title='bbox 291 5344 412 5399; x_wconf 80' lang='lat' dir='ltr'>homirius</span> <span class='ocrx_word' id='word_1_721' title='bbox 426 5342 522 5411; x_wconf 90' lang='lat' dir='ltr'>imples</span> <span class='ocrx_word' id='word_1_722' title='bbox 536 5355 568 5396; x_wconf 89' lang='lat' dir='ltr'>ac</span> <span class='ocrx_word' id='word_1_723' title='bbox 582 5339 706 5408; x_wconf 85' lang='lat' dir='ltr'>preianos</span> <span class='ocrx_word' id='word_1_724' title='bbox 725 5352 859 5392; x_wconf 87' lang='lat' dir='ltr'>summurn</span> <span class='ocrx_word' id='word_1_725' title='bbox 871 5338 947 5394; x_wconf 85' lang='lat' dir='ltr'>neias</span> <span class='ocrx_word' id='word_1_726' title='bbox 1064 5336 1129 5393; x_wconf 82' lang='lat' dir='ltr'>&#39;l&#39;ale</span> <span class='ocrx_word' id='word_1_727' title='bbox 1142 5346 1184 5394; x_wconf 89' lang='lat' dir='ltr'>est</span> <span class='ocrx_word' id='word_1_728' title='bbox 1198 5337 1262 5393; x_wconf 89' lang='lat' dir='ltr'>illud</span> <span class='ocrx_word' id='word_1_729' title='bbox 1276 5336 1349 5408; x_wconf 84' lang='lat' dir='ltr'>quoti</span> <span class='ocrx_word' id='word_1_730' title='bbox 1360 5335 1488 5392; x_wconf 88' lang='lat' dir='ltr'>scribitur</span> <span class='ocrx_word' id='word_1_731' title='bbox 1501 5334 1528 5389; x_wconf 86' lang='lat' dir='ltr'>ln</span> <span class='ocrx_word' id='word_1_732' title='bbox 1540 5331 1671 5404; x_wconf 73' lang='lat' dir='ltr'>symbolo</span> <span class='ocrx_word' id='word_1_733' title='bbox 1681 5328 1793 5388; x_wconf 78' lang='lat' dir='ltr'>ildesin-</span> 
     </span>
     <span class='ocr_line' id='line_1_56' title="bbox 158 5402 1793 5484; baseline -0.003 -15"><span class='ocrx_word' id='word_1_734' title='bbox 158 5417 311 5478; x_wconf 83' lang='lat' dir='ltr'>admittere.</span> <span class='ocrx_word' id='word_1_735' title='bbox 321 5417 366 5484; x_wconf 84' lang='lat' dir='ltr'>eui</span> <span class='ocrx_word' id='word_1_736' title='bbox 376 5413 484 5483; x_wconf 73' lang='lat' dir='ltr'>dignum</span> <span class='ocrx_word' id='word_1_737' title='bbox 495 5421 521 5465; x_wconf 91' lang='lat' dir='ltr'>et</span> <span class='ocrx_word' id='word_1_738' title='bbox 532 5408 686 5465; x_wconf 86' lang='lat' dir='ltr'>admirabile</span> <span class='ocrx_word' id='word_1_739' title='bbox 693 5408 738 5462; x_wconf 82' lang='lat' dir='ltr'>liei</span> <span class='ocrx_word' id='word_1_740' title='bbox 751 5422 831 5477; x_wconf 84' lang='lat' dir='ltr'>epus,</span> <span class='ocrx_word' id='word_1_741' title='bbox 841 5408 874 5463; x_wconf 90' lang='lat' dir='ltr'>ad</span> <span class='ocrx_word' id='word_1_742' title='bbox 886 5423 948 5479; x_wconf 90' lang='lat' dir='ltr'>pre-</span> <span class='ocrx_word' id='word_1_743' title='bbox 1000 5407 1133 5476; x_wconf 79' lang='lat' dir='ltr'>dacorum,</span> <span class='ocrx_word' id='word_1_744' title='bbox 1147 5425 1173 5475; x_wconf 91' lang='lat' dir='ltr'>p.</span> <span class='ocrx_word' id='word_1_745' title='bbox 1184 5409 1229 5472; x_wconf 83' lang='lat'>50,</span> <span class='ocrx_word' id='word_1_746' title='bbox 1243 5408 1402 5462; x_wconf 86' lang='lat' dir='ltr'>aiiirmatlra</span> <span class='ocrx_word' id='word_1_747' title='bbox 1415 5421 1476 5461; x_wconf 86' lang='lat' dir='ltr'>esse</span> <span class='ocrx_word' id='word_1_748' title='bbox 1490 5405 1570 5460; x_wconf 88' lang='lat' dir='ltr'>ilesis</span> <span class='ocrx_word' id='word_1_749' title='bbox 1584 5412 1721 5474; x_wconf 66' lang='lat' dir='ltr'>praeepta</span> <span class='ocrx_word' id='word_1_750' title='bbox 1731 5402 1793 5463; x_wconf 75' lang='lat' dir='ltr'>ili.</span> 
     </span>
     <span class='ocr_line' id='line_1_57' title="bbox 159 5472 1795 5554; baseline -0.007 -18"><span class='ocrx_word' id='word_1_751' title='bbox 159 5485 305 5554; x_wconf 78' lang='lat' dir='ltr'>pagnndam</span> <span class='ocrx_word' id='word_1_752' title='bbox 320 5483 515 5538; x_wconf 83' lang='lat' dir='ltr'>successionem</span> <span class='ocrx_word' id='word_1_753' title='bbox 530 5477 726 5550; x_wconf 74' lang='lat' dir='ltr'>inexcogitabili</span> <span class='ocrx_word' id='word_1_754' title='bbox 741 5478 844 5532; x_wconf 80' lang='lat' dir='ltr'>rosione</span> <span class='ocrx_word' id='word_1_755' title='bbox 859 5479 947 5547; x_wconf 83' lang='lat' dir='ltr'>prori·</span> <span class='ocrx_word' id='word_1_756' title='bbox 1000 5486 1065 5548; x_wconf 80' lang='lat' dir='ltr'>quot</span> <span class='ocrx_word' id='word_1_757' title='bbox 1080 5478 1215 5533; x_wconf 86' lang='lat' dir='ltr'>laornltanm</span> <span class='ocrx_word' id='word_1_758' title='bbox 1231 5477 1363 5541; x_wconf 89' lang='lat' dir='ltr'>membra,</span> <span class='ocrx_word' id='word_1_759' title='bbox 1377 5477 1458 5531; x_wconf 86' lang='lat' dir='ltr'>idest</span> <span class='ocrx_word' id='word_1_760' title='bbox 1471 5490 1532 5530; x_wconf 85' lang='lat' dir='ltr'>ossa</span> <span class='ocrx_word' id='word_1_761' title='bbox 1549 5490 1564 5528; x_wconf 90' lang='lat' dir='ltr'>a</span> <span class='ocrx_word' id='word_1_762' title='bbox 1577 5472 1691 5528; x_wconf 84' lang='lat' dir='ltr'>medicis</span> <span class='ocrx_word' id='word_1_763' title='bbox 1704 5486 1795 5552; x_wconf 61' lang='lat' dir='ltr'>rpente-</span> 
     </span>
     <span class='ocr_line' id='line_1_58' title="bbox 159 5546 1793 5620; baseline -0.007 -12"><span class='ocrx_word' id='word_1_764' title='bbox 159 5570 219 5608; x_wconf 85' lang='lat' dir='ltr'>smn</span> <span class='ocrx_word' id='word_1_765' title='bbox 233 5563 260 5608; x_wconf 85' lang='lat' dir='ltr'>et</span> <span class='ocrx_word' id='word_1_766' title='bbox 274 5553 410 5616; x_wconf 76' lang='lat' dir='ltr'>ciieetum,</span> <span class='ocrx_word' id='word_1_767' title='bbox 427 5550 471 5606; x_wconf 88' lang='lat' dir='ltr'>sel</span> <span class='ocrx_word' id='word_1_768' title='bbox 486 5549 519 5605; x_wconf 88' lang='lat' dir='ltr'>ad</span> <span class='ocrx_word' id='word_1_769' title='bbox 535 5549 703 5619; x_wconf 79' lang='lat' dir='ltr'>turpissimos</span> <span class='ocrx_word' id='word_1_770' title='bbox 714 5557 843 5616; x_wconf 77' lang='lat' dir='ltr'>questus,</span> <span class='ocrx_word' id='word_1_771' title='bbox 860 5549 900 5602; x_wconf 87' lang='lat' dir='ltr'>rel</span> <span class='ocrx_word' id='word_1_772' title='bbox 914 5548 947 5603; x_wconf 89' lang='lat' dir='ltr'>ad</span> <span class='ocrx_word' id='word_1_773' title='bbox 1002 5557 1108 5604; x_wconf 86' lang='lat' dir='ltr'>rantur:</span> <span class='ocrx_word' id='word_1_774' title='bbox 1121 5558 1149 5604; x_wconf 88' lang='lat' dir='ltr'>ct</span> <span class='ocrx_word' id='word_1_775' title='bbox 1159 5550 1282 5620; x_wconf 73' lang='lat' dir='ltr'>amantia</span> <span class='ocrx_word' id='word_1_776' title='bbox 1293 5562 1353 5605; x_wconf 89' lang='lat' dir='ltr'>esse</span> <span class='ocrx_word' id='word_1_777' title='bbox 1364 5547 1429 5614; x_wconf 69' lang='lat' dir='ltr'>ibai,</span> <span class='ocrx_word' id='word_1_778' title='bbox 1440 5546 1487 5617; x_wconf 80' lang='lat' dir='ltr'>nni</span> <span class='ocrx_word' id='word_1_779' title='bbox 1497 5557 1629 5600; x_wconf 85' lang='lat' dir='ltr'>numerus</span> <span class='ocrx_word' id='word_1_780' title='bbox 1640 5552 1793 5599; x_wconf 82' lang='lat' dir='ltr'>assererem</span> 
     </span>
     <span class='ocr_line' id='line_1_59' title="bbox 160 5616 1076 5690; baseline -0.008 -15"><span class='ocrx_word' id='word_1_781' title='bbox 160 5622 286 5677; x_wconf 78' lang='lat' dir='ltr'>obscenae</span> <span class='ocrx_word' id='word_1_782' title='bbox 299 5622 416 5677; x_wconf 84' lang='lat' dir='ltr'>libidinis</span> <span class='ocrx_word' id='word_1_783' title='bbox 431 5620 552 5690; x_wconf 87' lang='lat' dir='ltr'>pudentia</span> <span class='ocrx_word' id='word_1_784' title='bbox 566 5632 646 5687; x_wconf 89' lang='lat' dir='ltr'>opera</span> <span class='ocrx_word' id='word_1_785' title='bbox 667 5625 836 5683; x_wconf 81' lang='lat' dir='ltr'>corruentem,</span> <span class='ocrx_word' id='word_1_786' title='bbox 852 5631 880 5670; x_wconf 90' lang='lat' dir='ltr'>m</span> <span class='ocrx_word' id='word_1_787' title='bbox 893 5619 948 5685; x_wconf 83' lang='lat' dir='ltr'>jam</span> <span class='ocrx_word' id='word_1_788' title='bbox 1003 5616 1076 5673; x_wconf 84' lang='lat' dir='ltr'>sutri.</span> 
     </span>
     <span class='ocr_line' id='line_1_60' title="bbox 162 5684 1771 5760; baseline -0.005 -14"><span class='ocrx_word' id='word_1_789' title='bbox 162 5692 229 5749; x_wconf 83' lang='lat' dir='ltr'>nibil</span> <span class='ocrx_word' id='word_1_790' title='bbox 239 5693 310 5749; x_wconf 86' lang='lat' dir='ltr'>alirtd</span> <span class='ocrx_word' id='word_1_791' title='bbox 321 5708 354 5751; x_wconf 86' lang='lat' dir='ltr'>es</span> <span class='ocrx_word' id='word_1_792' title='bbox 373 5707 400 5750; x_wconf 88' lang='lat' dir='ltr'>se</span> <span class='ocrx_word' id='word_1_793' title='bbox 413 5690 581 5749; x_wconf 85' lang='lat' dir='ltr'>sanctissima</span> <span class='ocrx_word' id='word_1_794' title='bbox 596 5698 698 5760; x_wconf 81' lang='lat' dir='ltr'>petant,</span> <span class='ocrx_word' id='word_1_795' title='bbox 709 5702 789 5759; x_wconf 66' lang='lat' dir='ltr'>quiam</span> <span class='ocrx_word' id='word_1_796' title='bbox 805 5688 909 5743; x_wconf 78' lang='lat' dir='ltr'>latentem</span> <span class='ocrx_word' id='word_1_797' title='bbox 925 5701 952 5741; x_wconf 75' lang='lat' dir='ltr'>⁴t</span> <span class='ocrx_word' id='word_1_798' title='bbox 1042 5699 1055 5726; x_wconf 57' lang='grc' dir='ltr'>ι</span> <span class='ocrx_word' id='word_1_799' title='bbox 1070 5686 1118 5744; x_wconf 87' lang='lat' dir='ltr'>ils.</span> <span class='ocrx_word' id='word_1_800' title='bbox 1135 5688 1215 5757; x_wconf 75' lang='lat' dir='ltr'>dud,</span> <span class='ocrx_word' id='word_1_801' title='bbox 1230 5687 1317 5758; x_wconf 82' lang='lat' dir='ltr'>paules</span> <span class='ocrx_word' id='word_1_802' title='bbox 1331 5687 1400 5743; x_wconf 86' lang='lat' dir='ltr'>intus</span> <span class='ocrx_word' id='word_1_803' title='bbox 1413 5686 1500 5743; x_wconf 79' lang='lat' dir='ltr'>enisus</span> <span class='ocrx_word' id='word_1_804' title='bbox 1512 5686 1656 5740; x_wconf 82' lang='lat' dir='ltr'>uolutatutcs</span> <span class='ocrx_word' id='word_1_805' title='bbox 1669 5684 1771 5739; x_wconf 83' lang='lat' dir='ltr'>relatet.</span> 
     </span>
    </p>
   </div>
   <div class='ocr_carea' id='block_1_9' title="bbox 0 0 1941 6128">
    <p class='ocr_par' dir='ltr' id='par_1_13' title="bbox 0 0 1941 6128">
     <span class='ocr_line' id='line_1_61' title="bbox 0 0 1941 6128; baseline 0 0"><span class='ocrx_word' id='word_1_806' title='bbox 0 0 1941 6128; x_wconf 95' lang='lat' dir='ltr'> </span> 
     </span>
    </p>
   </div>
  </div>
 </body>
</html>
