3794 6128
199 308 246 364 att

801 292 837 349 bl.
859 285 999 347 attutttt
1019 284 1217 343 casstonuut

1783 285 1842 342 ata

200 434 227 486 tu
241 423 411 484 continentie
425 421 505 484 bono,
519 414 612 471 dirinn
631 424 742 467 munere
763 409 846 464 animi
863 403 994 478 tranquil·
1009 399 1098 466 Atur,
1108 407 1230 470 appronat
1253 400 1374 465 animam,
1399 407 1422 453 et
1437 398 1553 468 deprimit
1574 406 1672 454 tenena
1685 397 1838 455 iulrabiratia

201 520 276 573 litate
288 521 440 570 versantur.

236 609 313 664 Vera.
327 606 371 659 52.
394 603 426 657 lt't
437 602 524 670 lingua
536 614 591 680 ntra
604 596 766 651 meditabitur
775 592 903 661 iustitiam
911 602 991 660 tuear,

201 709 253 755 tota
263 699 305 752 die
318 695 421 751 laudem
433 702 514 746 tuam.
528 690 628 759 Lingua
640 687 723 756 ipsius
735 685 857 740 meditata
870 691 906 738 est
914 685 994 754 justi-

200 790 273 852 tiam,
289 784 394 855 arraudo
405 782 509 837 Noram
523 779 723 834 Testamentum
742 773 845 845 populis
862 772 992 842 predica·

201 881 248 932 rit.
261 878 326 932 Tora
346 877 396 941 die,
409 874 478 928 sicut
491 885 563 940 sepe
574 869 675 924 dictum
696 874 748 932 est,
764 864 918 918 untrermm
932 863 994 918 rite

201 978 307 1039 ternpus
321 964 448 1022 ostendit.
459 960 512 1017 Sed
527 961 588 1030 quia
603 956 763 1013 humanitati
774 952 938 1025 impassibile
952 952 993 1006 ri-

201 1059 279 1114 detur
296 1057 378 1110 Deum
393 1051 548 1109 continuata
560 1062 627 1104 roce
646 1045 765 1111 laudare,
779 1044 811 1098 ad
826 1044 993 1098 intel'ectnm

202 1161 252 1203 nos
272 1148 404 1202 bonorum
431 1151 540 1198 actuum
563 1137 781 1195 transieramus:
804 1135 865 1204 qnia
887 1147 997 1203 semper

203 1238 285 1294 Deum
300 1236 390 1292 laudat
402 1235 447 1306 qul
468 1231 582 1288 inomni
597 1230 738 1286 rolnntate
756 1242 802 1282 sua
817 1225 906 1281 diuino
919 1225 995 1296 jrrssa

203 1328 366 1385 considerat.

471 1412 607 1470 Conclusio
626 1410 729 1481 psalmi.

238 1527 445 1586 ιοιιιιιιωιιι
457 1523 595 1580 carnum
609 1522 751 1579 maruan
765 1536 812 1591 par
826 1493 913 1578 unm
929 1521 997 1592 pnr-

203 1633 276 1676 mom
290 1626 390 1689 orranta
403 1614 480 1672 nobis
493 1614 694 1685 dispensatione
709 1612 782 1684 loqui
802 1614 926 1685 dignatos
942 1621 996 1671 est.

203 1709 280 1768 Feelt
295 1710 368 1766 enim
390 1707 425 1764 ab
442 1707 564 1762 oratione
577 1706 749 1777 principium,
772 1707 843 1762 sicot
855 1715 882 1762 et
896 1708 922 1763 in
936 1707 996 1762 aliis

1045 509 1146 548 sensum
1161 493 1241 546 multa
1256 493 1407 563 cogitantem
1429 492 1507 562 (Sap.
1532 507 1575 557 rx,
1600 490 1656 560 ts).
1676 491 1757 546 Alirrd
1773 508 1842 548 rern

1044 594 1085 641 est
1099 586 1200 651 audax,
1213 586 1394 655 desperatum,
1410 585 1608 654 blasphemum,
1624 584 1695 655 quod
1710 585 1761 640 sibi
1777 600 1838 655 pro·

1044 678 1120 749 pouit
1135 680 1216 734 libera
1234 661 1376 734 'voluntate
1392 678 1566 748 delinquere:
1588 687 1766 733 contemnens
1780 692 1839 734 om-

1045 770 1099 835 nia,
1124 770 1229 839 sibique
1254 783 1424 823 murmurans
1446 769 1528 823 Denm
1563 778 1637 837 putat
1662 783 1716 823 non
1743 781 1839 824 curare

1045 858 1359 929 moraliaQuaproptcr
1374 861 1439 913 aren
1465 860 1515 914 iste
1541 859 1602 914 talis
1624 859 1694 928 apud
1721 873 1751 914 se
1780 876 1836 913 rrrn

1045 951 1196 1017 scelestam,
1212 966 1291 1020 quam
1309 950 1413 1020 publice
1427 965 1479 1004 non
1500 964 1581 1004 ansus
1595 960 1636 1004 est
1656 948 1788 1020 profiteri.
1807 949 1839 1003 Et

1045 1041 1106 1097 ideo
1121 1042 1172 1096 ista
1191 1041 1303 1111 cogitat,
1319 1049 1348 1096 ut
1364 1042 1414 1096 sibi
1434 1041 1491 1110 ipse
1506 1040 1642 1096 licentiam
1658 1040 1780 1097 rideatur
1792 1041 1840 1094 tri·

1044 1132 1129 1189 Duere
1143 1142 1327 1202 peecatorum
1342 1143 1475 1202 quatenns
1490 1133 1539 1187 sub
1557 1131 1740 1186 immensitate
1754 1130 1840 1186 delin-

1045 1235 1107 1295 quat
1126 1224 1170 1294 qui
1187 1232 1286 1280 metum
1303 1224 1402 1294 iudicis
1423 1223 1603 1294 abjiciendum
1627 1239 1689 1279 csse
1708 1225 1838 1280 decrerit.

1047 1312 1184 1384 Sequitur,
1200 1313 1261 1368 Nau
1279 1322 1316 1368 ert
1330 1315 1407 1369 timor
1419 1313 1467 1368 Dei
1480 1324 1539 1368 onte
1552 1315 1639 1368 arelas
1652 1316 1718 1386 ejas.
1731 1313 1840 1386 Cogita·

1047 1405 1147 1462 tionem
1162 1404 1229 1460 deit
1241 1405 1404 1475 iniquorum,
1421 1404 1465 1474 qui
1482 1414 1574 1474 putant
1588 1405 1710 1459 timorem
1723 1403 1771 1458 Dei
1787 1420 1840 1460 non

1047 1509 1108 1550 esse
1121 1497 1148 1550 tn
1161 1503 1306 1565 conspectu
1320 1494 1393 1565 eirrs;
1409 1495 1435 1551 id
1453 1506 1505 1559 est,
1521 1510 1573 1551 non
1588 1510 1684 1552 curare
1700 1497 1796 1563 ὓιιιιιι,
1812 1503 1842 1552 ιι

1048 1584 1170 1642 bourlnes
1185 1601 1247 1643 enrn
1267 1586 1383 1642 debeant
1407 1586 1569 1652 lor⁴midare3
1595 1586 1654 1652 sed,
1676 1596 1706 1642 ut
1729 1589 1841 1660 atridam

1048 1684 1169 1733 errantes
1194 1676 1343 1748 pblosoplri
1358 1677 1494 1743 aixerunt,
1518 1677 1645 1732 mnndum
1672 1679 1763 1750 potins
1783 1696 1845 1738 cre-

203 1801 334 1858 simffibm
345 1799 464 1871 palmis·
481 1796 582 1854 Deinde
599 1797 732 1869 wioni,
748 1806 777 1854 θ,
792 1799 999 1855 mmmm,
1013 1780 1037 1840 Β
1049 1769 1116 1824 dont
1127 1769 1234 1825 casibus
1248 1768 1314 1840 regi,
1330 1784 1411 1838 arram
1425 1769 1550 1840 supernis
1560 1768 1839 1829 administrationibus

203 1907 260 1948 sue
278 1899 390 1945 remora
405 1888 534 1946 narrarit.
555 1887 695 1944 Postremo
717 1885 816 1943 linitio
836 1901 886 1959 spe
899 1902 995 1960 magna

204 1982 497 2049 bdelium,utdubium
517 1993 571 2036 non
583 1979 620 2036 sit
630 1988 659 2036 et
677 1980 748 2036 lruuc
769 1980 901 2052 psalmum
924 1998 995 2051 pre·

204 2072 258 2128 lata
272 2075 363 2144 regula
373 2073 456 2130 luisse
469 2072 634 2131 conclusum.
646 2072 815 2145 Quapropter
829 2074 996 2144 gaudeamus

204 2163 233 2218 in
247 2161 378 2228 cladibus,
396 2162 560 2219 exsultemus
571 2161 599 2218 iu
613 2162 749 2234 periculis.
766 2163 832 2219 Nam
843 2179 892 2220 cnr
906 2182 921 2221 a
936 2167 999 2223 lide·

205 2252 275 2310 libus
296 2255 377 2311 Debet
396 2254 497 2326 relegi,
520 2255 591 2326 qood
620 2255 666 2311 ille
690 2271 780 2312 rerum
808 2256 936 2313 Dominus
950 2274 999 2329 pro

206 2351 327 2405 omnium
339 2351 425 2406 salute
437 2348 583 2406 sustinnitl
598 2349 749 2406 Notandum
762 2360 892 2421 preterea
906 2367 1000 2408 secun-

206 2440 269 2495 durn
284 2441 354 2494 lrnnc
364 2454 425 2496 esse
441 2441 571 2510 psalmum
584 2454 677 2497 eorum
693 2441 738 2510 qui
752 2441 904 2512 passionom
916 2451 944 2499 et
954 2459 998 2499 re·

205 2533 399 2588 surrectionem
414 2531 519 2587 Domini
533 2531 612 2588 latius
625 2533 749 2589 intimare
767 2544 924 2590 noscuntur.

330 2645 511 2703 aurosum
531 2647 563 2702 ΙΝ
585 2646 746 2704 estttttttt
767 2647 874 2705 llllllll.

325 2756 358 2812 Iu
369 2759 444 2829 piram
453 2775 524 2813 seruo
540 2759 643 2814 Domini
657 2761 771 2831 psalmus
783 2760 876 2816 Dar-id.

240 2868 304 2923 llaec
316 2870 404 2924 orrrrria
420 2869 526 2924 nomina
547 2870 615 2926 bene
629 2871 814 2942 intelliguntur
825 2871 859 2928 de
885 2872 998 2929 Domino

89 3021 93 3030 Ι
204 2957 352 3013 8ι1ιιιοιι.
367 2958 431 3012 llam
444 2966 471 3012 et
483 2959 508 3012 iu
519 2960 596 3027 finem
616 2959 703 3030 ipsum
717 2960 861 3031 significat.
878 2961 913 3016 Et
926 2979 998 3018 saroa

206 3047 311 3102 Domini
330 3048 363 3103 de
386 3050 445 3118 ipso
461 3049 557 3104 dicitur
572 3052 616 3118 qni
632 3054 744 3120 foratam
767 3053 833 3106 serui
855 3055 994 3123 arripiens,

1049 1859 1256 1916 arbitrarisne
1272 1859 1416 1931 dcinjurta
1436 1859 1544 1926 dicitnr,
1567 1878 1619 1916 ιιιιι
1643 1878 1698 1918 erse
1725 1864 1844 1921 timerent

1049 1949 1099 2006 Dri
1111 1961 1169 2006 ame
1187 1952 1267 2023 119
1284 1951 1371 2006 acutas
1381 1951 1448 2022 ejas,
1464 1951 1508 2022 qui
1523 1952 1586 2008 talia
1606 1953 1697 2013 dicere
1711 1956 1843 2029 turilega

1049 2044 1185 2099 uoluntate
1199 2043 1347 2113 praesuunt.
1362 2043 1480 2114 Denique
1493 2045 1615 2115 seqnitur
1629 2063 1637 2101 ι
1796 2030 1799 2036 ’

1087 2134 1164 2190 l'ers.
1178 2133 1206 2189 Ξ.
1225 2133 1353 2201 Quoniam
1367 2133 1455 2189 dolare
1467 2135 1517 2211 agit
1531 2135 1558 2189 iu
1572 2146 1709 2207 conspectu
1727 2137 1795 2210 ejus,
1814 2146 1845 2193 et

1048 2228 1169 2283 inueniret
1183 2228 1343 2297 iniguitatem
1365 2244 1438 2282 ruam
1450 2239 1474 2283 et
1491 2226 1558 2301 [ed.,
1573 2227 1619 2300 ad]
1632 2229 1730 2284 adium.
1751 2230 1844 2287 Scele-

1049 2329 1124 2373 ratus
1138 2320 1189 2373 istc
1203 2318 1236 2374 dc
1250 2333 1303 2389 quo
1317 2318 1418 2375 dictum
1433 2328 1474 2375 cst
1487 2338 1493 2373 :
1508 2318 1569 2374 Nau
1583 2328 1619 2375 est
1634 2321 1711 2375 timor
1725 2320 1773 2377 Dei
1784 2333 1845 2379 antr

1050 2412 1137 2466 oculas
1152 2413 1219 2482 ejus,
1234 2411 1353 2482 neglexit
1365 2428 1475 2484 operam
1490 2413 1541 2484 legi
1554 2414 1628 2479 dare,
1644 2424 1673 2469 nt
1683 2415 1842 2488 intelligeret

1050 2503 1249 2572 persuasionum
1271 2516 1347 2557 strom
1369 2518 1429 2559 esse
1444 2501 1635 2568 salsissimam
1654 2505 1702 2560 sed
1721 2516 1842 2563 contem·

1050 2609 1116 2649 nens
1138 2595 1209 2650 dicta
1235 2595 1378 2660 salutaria,
1401 2597 1539 2651 veritatem
1560 2597 1661 2652 studuit
1681 2599 1842 2655 omnimodis

1049 2683 1183 2754 ignorare.
1211 2686 1235 2740 ls
1259 2700 1323 2754 erga
1345 2686 1433 2740 dotare
1455 2692 1506 2757 agit
1529 2687 1555 2740 in
1573 2698 1708 2757 conspecta
1732 2687 1792 2754 Dei,
1813 2697 1843 2745 ut

1049 2791 1123 2830 snam
1145 2776 1306 2846 iniquitatem
1328 2787 1351 2830 et
1370 2776 1458 2831 adam
1477 2777 1611 2846 resugeret
1632 2779 1769 2834 irruruire:
1783 2794 1842 2835 cre·

1048 2867 1115 2923 deus
1139 2883 1187 2938 per
1206 2869 1383 2938 ignorantiam
1412 2871 1538 2938 precepti
1564 2884 1594 2926 se
1615 2885 1695 2940 posse
1721 2870 1840 2927 delendi.

1049 2958 1164 3014 Pulchre
1179 2968 1267 3013 autern
1281 2958 1419 3013 definitum
1440 2968 1482 3013 est
1496 2968 1602 3028 peccata
1617 2969 1706 3014 nostra
1721 2975 1782 3016 esse
1794 2962 1842 3014 ini·

1048 3049 1167 3120 quitatem
1183 3059 1205 3101 et
1220 3049 1318 3112 adium,
1333 3051 1459 3118 quoniam
1473 3049 1517 3102 illa
1536 3049 1625 3105 odisse
1644 3051 1774 3107 debemus
1789 3066 1839 3122 per

205 3145 288 3210 sactus
301 3150 338 3195 ert
352 3140 469 3195 abediens
489 3157 569 3210 araur
586 3141 620 3194 ad
642 3151 749 3197 martem
765 3142 877 3215 (Pttttp.
892 3161 926 3215 u,
950 3147 996 3215 7);
1012 3147 1034 3208 C
1049 3155 1108 3208 true
1123 3140 1156 3193 ad
1170 3149 1268 3194 eterno
1285 3140 1416 3209 supplicia
1432 3140 1612 3209 pervenimus.

204 3232 273 3287 sient
297 3233 378 3287 lsoias
400 3234 528 3303 propheta
555 3233 589 3288 de
618 3235 676 3304 ipso
697 3236 784 3291 dicit:
818 3235 885 3292 Ecce
912 3255 998 3294 aerius

205 3339 287 3387 ureur,
299 3325 434 3394 corripiam
454 3341 509 3378 ram
524 3322 602 3392 (lsai.
619 3341 685 3393 xcrr,
702 3328 739 3398 l).
757 3327 879 3383 l'ratrnar
892 3346 956 3385 rcro
971 3340 999 3386 et

205 3413 290 3467 Dauid
301 3412 429 3485 frequenti
441 3415 611 3483 expositione
623 3415 677 3486 jam
692 3426 755 3473 nota
769 3428 848 3484 suut;
861 3435 920 3487 atre
937 3421 997 3476 idco

205 3506 239 3559 ad
256 3521 393 3574 personam
411 3507 516 3561 Domini
538 3510 672 3578 pertinere
696 3518 853 3575 noscuntur,
869 3513 997 3579 qnoniam

206 3599 230 3652 ei
244 3599 387 3653 ιοιιιίιιῖιι
401 3599 518 3668 ipsorum
536 3601 672 3655 nominum
685 3601 817 3670 expositio
831 3601 959 3657 declarat.

490 3708 586 3764 Diuisio
606 3712 710 3779 psalmi.

241 3819 324 3874 Totus
348 3821 465 3890 psalmus
489 3836 504 3876 a
531 3836 644 3890 persona
669 3827 808 3893 proplrcte
834 3825 943 3881 dicitur.
970 3828 998 3882 ln

206 3910 292 3981 primo
306 3913 426 3966 membru
438 3921 639 3974 contemptores
655 3917 719 3985 legis
734 3918 908 3973 veliementer
920 3935 998 3975 occu·

206 4013 258 4068 sat,
270 4017 368 4072 eosque
381 4002 447 4057 dicit
461 4018 513 4058 nan
530 4003 650 4060 lrabiuue
664 4021 725 4060 enm
744 4007 866 4074 Domino,
877 4024 998 4064 commc-

206 4108 314 4149 morans
327 4109 420 4149 eorum
435 4094 530 4164 impias
544 4096 705 4152 voluntates.
726 4097 783 4153 llee
809 4108 916 4155 moreat
929 4103 1000 4172 qrrod

206 4192 267 4255 post
281 4184 358 4251 tituli,
379 4186 433 4242 tale
457 4187 616 4257 principium
641 4188 675 4242 ab
699 4189 888 4259 insipientibus
912 4193 1000 4248 tacere

205 4273 314 4344 delegit,
331 4275 446 4330 initium.
466 4274 644 4333 Commendat
657 4280 728 4334 eninr
744 4281 928 4338 venementius
953 4285 1000 4339 bo·

206 4376 301 4418 nornrn
317 4374 430 4432 partem,
448 4367 556 4436 quando
575 4369 648 4437 prius
662 4371 834 4439 premittitur
855 4375 926 4445 qnod
938 4391 1000 4446 grn-

205 4453 276 4510 riter
296 4454 447 4512 horreatur.
466 4457 590 4514 Secundo
612 4459 662 4515 sub
676 4459 754 4518 bade
771 4461 877 4520 Domini
900 4468 998 4522 collata

205 4547 345 4606 beatorum
366 4550 474 4622 premia
491 4551 691 4622 describuntur,
706 4570 807 4629 eosque
823 4559 888 4616 dicit
901 4562 997 4620 domos

205 4637 310 4696 Domini
326 4640 448 4698 ubertate
462 4643 600 4715 mmpterl.
618 4644 794 4719 Dreritemne
813 4648 840 4705 ln
854 4652 931 4709 ruina
942 4669 998 4709 ma·

205 4732 294 4789 lorum
307 4735 426 4805 melmae
440 4737 490 4793 iste
502 4737 683 4804 concluditur,
697 4755 731 4798 ne
744 4741 805 4812 quis
820 4754 925 4814 potaret
941 4747 997 4804 tnr-

205 4832 279 4880 tasse
293 4825 449 4882 tentandum
460 4827 531 4896 qood
545 4836 618 4884 tanta
630 4833 817 4890 exsecratione
832 4844 943 4892 norcrat
952 4850 998 4894 ac·

206 4926 339 4972 curatum.
351 4917 519 4990 Quapropter
531 4921 708 4980 subtilitatem
723 4924 782 4995 ejus
795 4928 875 4996 paulo
884 4927 1000 4998 diligen·

206 5008 259 5064 tios
281 5019 494 5079 perscrutemur3
518 5020 561 5069 est
585 5013 657 5070 enim
684 5015 814 5073 nonnulla
842 5017 1000 5078 dillicnltats

205 5109 356 5157 contextus.

1084 3232 1160 3287 Vera.
1174 3231 1201 3288 3.
1222 3232 1303 3287 Verba
1324 3236 1375 3287 oris
1398 3235 1453 3305 ejas
1469 3234 1590 3303 iniquitas
1611 3244 1636 3289 et
1650 3235 1743 3301 datar:
1758 3236 1843 3293 noluit

1049 3323 1188 3396 intelligere
1199 3333 1224 3377 ut
1236 3325 1297 3379 bene
1311 3332 1406 3394 ageret.
1419 3325 1594 3380 sermonibus
1608 3325 1761 3396 iniquorum
1775 3344 1842 3384 eon·

1048 3417 1187 3471 renicntcr
1205 3415 1266 3470 data
1282 3428 1323 3472 cst
1335 3416 1470 3473 definitiva
1491 3418 1652 3487 complexio.
1672 3417 1757 3473 Verba
1769 3423 1842 3475 eninr

1049 3522 1141 3561 eornm
1157 3516 1219 3561 sunt
1241 3508 1364 3578 iniguitas
1378 3518 1402 3563 rr
1417 3509 1500 3563 datur.
1516 3509 1607 3577 ltaque
1625 3525 1684 3578 quac
1698 3526 1843 3569 numerare

1050 3613 1103 3651 nou
1118 3606 1232 3667 poterat,
1249 3598 1352 3653 duobus
1368 3600 1610 3655 suntsernronibns
1621 3602 1768 3670 explicata.
1784 3602 1843 3657 lai·

1048 3690 1132 3759 puritas
1146 3690 1260 3758 pertinet
1280 3688 1313 3743 ad
1327 3689 1535 3757 blasphemiam,
1551 3691 1627 3745 dolus
1640 3691 1673 3746 ad
1690 3694 1842 3762 proximum

1050 3780 1245 3849 decipiendum.
1262 3780 1314 3836 Sed
1335 3781 1410 3850 qnid,
1426 3797 1503 3852 rogo,
1519 3782 1570 3837 sibi
1594 3782 1733 3838 residuum
1750 3784 1841 3853 iaciat,

1050 3872 1094 3943 qui
1107 3886 1216 3941 peccare
1232 3874 1257 3925 in
1270 3872 1354 3927 Deum
1371 3881 1398 3927 et
1410 3872 1560 3941 proximum
1575 3888 1627 3928 non
1642 3876 1765 3930 recusat?
1778 3877 1843 3931 Corn

1052 3981 1114 4020 rcro
1128 3965 1202 4031 dicit,
1214 3965 1297 4019 troluit
1309 3966 1452 4039 intelligere
1464 3976 1490 4019 ut
1503 3967 1565 4021 berre
1577 3975 1672 4039 ageret,
1687 3967 1748 4022 illos
1761 3968 1845 4038 signi·

1051 4059 1112 4113 licat
1125 4059 1171 4128 qui
1185 4073 1217 4114 cx
1232 4060 1319 4129 aliqua
1337 4070 1412 4129 parte
1431 4059 1573 4129 sapientie
1592 4060 1738 4132 igniculum
1753 4077 1846 4133 perre-

1050 4162 1159 4220 perunt‚
1184 4163 1212 4206 ct
1234 4167 1250 4207 a
1272 4167 1337 4208 vero
1357 4152 1495 4208 intellectu
1518 4167 1568 4209 suo
1582 4154 1647 4208 uitio
1666 4153 1845 4223 declinantes,

1051 4243 1188 4310 perversis
1200 4257 1230 4298 se
1244 4243 1381 4299 erroribus
1395 4244 1557 4312 polluerunt.
1572 4244 1628 4300 lloc
1642 4245 1719 4300 etad
1732 4246 1848 4302 demen-

1052 4331 1184 4386 asemon
1211 4332 1336 4403 populum
1352 4332 1493 4389 iudaicam
1513 4342 1702 4403 competenter
1724 4345 1847 4406 aptatur.

1051 4420 1178 4492 adonem
1194 4422 1323 4478 Dominus
1335 4432 1457 4490 venerat,
1477 4432 1504 4479 et
1523 4423 1569 4478 ille
1588 4425 1678 4479 sanari
1694 4425 1848 4484 detestabili

1012 4526 1038 4586 ι)
1052 4515 1240 4571 obstinatione
1252 4516 1427 4587 contempsit.
1442 4514 1508 4570 llam
1528 4514 1716 4585 imprudentiae
1730 4517 1848 4588 plerora·

1051 4627 1105 4685 que
1117 4612 1194 4669 reaia
1210 4613 1300 4679 datur,
1311 4612 1463 4669 voluntario
1477 4627 1540 4669 rero
1555 4611 1687 4670 maleficio
1698 4612 1847 4672 altiorem·

1051 4717 1099 4774 per
1109 4702 1183 4773 iaxta
1203 4703 1333 4761 ιιιιιιιιι.
1345 4702 1423 4774 Quod
1437 4713 1626 4777 argumentum
1641 4704 1741 4762 dieitur
1756 4705 1795 4762 ab
1809 4705 1846 4763 is-

1049 4790 1140 4861 genio,
1161 4791 1269 4862 quanio
1289 4806 1343 4848 non
1361 4806 1411 4862 per
1429 4792 1620 4863 ignorantiam,
1640 4791 1690 4850 red
1712 4793 1846 4852 malitiosa

1053 4880 1190 4939 rolunute
1204 4893 1340 4952 peccatur.

1089 4970 1166 5028 Vere.
1189 4973 1217 5028 l.
1241 4971 1410 5044 iniguitatem
1431 4974 1570 5031 meditatus
1591 4982 1630 5030 est
1653 4974 1682 5030 ιἰι
1695 4975 1845 5046 csttttm,

1052 5062 1134 5118 astitit
1148 5064 1218 5118 amni
1232 5065 1280 5120 rie
1292 5080 1343 5121 nan
1356 5065 1446 5132 barram
1457 5065 1584 5120 martam
1595 5075 1683 5122 ιιιιιιιι
1692 5082 1744 5123 nort
1756 5069 1846 5125 dire.

1052 5152 1082 5210 ln
1105 5154 1267 5225 exponendo
1285 5155 1374 5213 adbuc
1397 5155 1457 5213 riro
1478 5157 1600 5228 pessimo
1618 5167 1786 5230 perseverat.
1803 5159 1849 5218 tn

474 5214 608 5287 E²i⁰⁸5¹¹⁸⁰
627 5218 728 5286 immi·
1053 5248 1125 5304 enlm
1147 5247 1344 5319 :iniquitatem
1365 5250 1503 5305 meditatur
1522 5261 1570 5318 est,
1596 5250 1624 5307 id
1646 5259 1698 5317 est,
1725 5266 1848 5309 errorem

243 5327 320 5384 l'ers.
338 5329 361 5382 t.
383 5327 454 5382 Dixit
475 5329 587 5402 iujustas
610 5340 638 5384 ur
653 5330 783 5404 delinquat
799 5333 826 5387 in
841 5335 977 5407 semeripro
1055 5337 1134 5408 longa
1157 5340 1331 5398 meditatione
1351 5342 1484 5407 tractarit,
1500 5341 1584 5397 libros
1603 5342 1706 5399 scilicet
1723 5341 1849 5401 iaciendo

207 5418 268 5507 Nm
281 5430 317 5474 ert
336 5422 411 5475 timor
430 5419 477 5474 Dei
497 5430 555 5476 anre
571 5421 733 5490 arularejur.
751 5424 808 5479 Duo
823 5435 997 5496 strntgeuera
1055 5443 1210 5500 perversum
1227 5440 1255 5486 nt
1279 5448 1333 5487 non
1347 5440 1451 5487 tanturn
1476 5433 1533 5503 ipsc
1550 5433 1730 5503 delinqueret,
1755 5449 1848 5492 reram

206 5523 305 5579 poccnn
320 5512 372 5566 inm
387 5530 393 5564 :
410 5527 492 5566 unnrn
513 5512 584 5582 quod
600 5513 713 5568 credens
730 5514 779 5585 legi
795 5531 843 5584 per
856 5515 999 5570 infirmita·
1054 5523 1134 5575 ctiam
1156 5523 1299 5591 posteritas
1321 5522 1416 5580 eodem
1436 5532 1545 5578 auctore
1569 5531 1703 5592 peccaret.
1719 5520 1753 5578 ln
1768 5524 1850 5579 rabili

207 5610 260 5657 tem
276 5606 363 5659 cornis
382 5621 435 5660 rum
452 5607 521 5661 valet
541 5621 601 5676 qrrm
623 5616 687 5661 sont
699 5607 773 5675 jussa
792 5609 940 5677 complere,
966 5609 999 5664 dc
1054 5626 1112 5671 ruo,
1128 5609 1153 5664 id
1167 5613 1247 5667 estin
1263 5611 1345 5670 corde
1359 5611 1477 5682 proprio.
1493 5611 1582 5667 Cubile
1595 5614 1667 5667 enirn
1692 5630 1706 5668 a
1722 5615 1850 5672 probando

206 5693 304 5764 quibos
324 5695 386 5750 dicit
401 5696 528 5754 Salomon
545 5716 551 5752 :
576 5696 675 5770 Corpus
690 5700 756 5754 euim
770 5701 838 5770 arrad
854 5705 998 5775 corrumpi·
1055 5701 1154 5757 dictum
1175 5711 1225 5771 cst,
1242 5704 1286 5758 obi
1307 5703 1412 5759 auiums
1432 5713 1524 5759 noster
1543 5703 1614 5760 intus
1630 5705 1783 5764 inhabitam
1800 5707 1849 5765 bo·
