3802 6120
195 232 246 293 tst
812 235 848 291 hi.
870 234 1009 292 donatii
1030 234 1232 293 casstdbdttt
1788 238 1841 294 588

196 349 274 417 parariis
293 361 390 420 corpus
409 347 565 420 aliiigimus,
581 361 641 404 cunt
664 349 727 403 vitia
743 349 833 404 saeculi
858 365 918 403 curn
943 365 991 403 suo
1007 355 1031 410 Λ
1046 364 1099 407 ιειιι
1116 351 1169 406 deo
1183 351 1273 418 tarot,
1287 351 1312 407 id
1327 363 1369 408 εει
1384 351 1439 408 Deo
1452 351 1674 409 Clarissimorum.
1692 352 1710 421 1,
1721 367 1751 408 so
1766 355 1842 407 enim

196 439 370 499 nihilomiuus
382 447 491 494 auctore
504 437 682 506 despicimus.
700 437 825 503 hddidit,
842 441 992 507 psalterium
1044 443 1200 500 rationalem
1209 453 1358 500 creaturam
1370 445 1472 500 caelesti
1486 444 1600 499 veritate
1610 442 1720 516 istud,
1729 438 1843 513 virtute}

190 531 337 598 januardum
358 546 414 584 cum
440 530 552 588 citirara.
566 530 699 587 Admonet
720 532 843 587 etiamst
868 532 924 587 iraee
939 533 992 588 duo
1041 535 1184 606 judicarim
1197 537 1266 592 sicut
1285 537 1312 591 in
1336 536 1545 606 Evangelioait:
1566 519 1718 590 raterium
1737 538 1844 606 judicus

194 622 388 695 jucundissime
398 622 535 691 copulari:
548 632 575 676 ut
587 631 614 677 et
624 623 705 678 verba
717 622 763 678 Dei
778 637 839 693 quse
854 622 880 678 in
894 623 990 692 psalte·

194 716 233 769 rio
248 714 429 780 coratineutur,
442 723 470 770 et
488 715 588 768 cithara
598 730 657 784 quae
673 717 805 770 humanus
824 723 900 771 aetus
910 715 992 786 sigui·

197 808 280 862 tiuare
290 804 471 877 cognoscitur,
484 806 511 860 iu
527 822 607 861 uuam
621 805 778 862 societatem
795 806 911 862 debeant
926 822 990 861 ron·

196 898 290 952 venire
313 912 320 949 ι
344 897 405 965 quia
431 907 574 968 utrumque
596 897 682 953 melos
709 898 818 951 sibimet
838 897 991 968 copulatum

198 991 312 1046 Domino
334 989 463 1059 probatur
486 997 637 1059 acceptum.
652 988 807 1044 Psuiteriunr
830 990 901 1045 euim
922 989 991 1045 idem

195 1083 329 1155 significat
339 1082 410 1152 quod
424 1080 550 1154 psalmus,
564 1083 664 1137 citiroro
676 1085 748 1153 quod
763 1093 931 1153 tympanum
944 1084 992 1140 sed

196 1173 355 1229 diversitate
369 1173 509 1228 nominum
528 1172 634 1229 easdem
650 1186 694 1228 res
710 1171 761 1228 suh
776 1174 908 1229 irretitate
924 1187 992 1229 cott-

196 1264 285 1319 ulusit.
302 1264 368 1318 Nam
383 1265 611 1336 quemadmodum
621 1265 720 1318 citiore
735 1274 828 1319 cotttra
843 1266 993 1337 psalterium

196 1355 363 1409 conformata
377 1356 421 1420 sit,
435 1356 590 1426 trequentes
602 1356 753 1425 expositum
768 1363 820 1411 est.
835 1356 864 1411 iu
880 1356 931 1410 bare
943 1373 992 1409 aa·

196 1457 251 1502 tem
265 1455 293 1502 et
307 1449 429 1517 sequenti
443 1461 521 1503 versu
537 1447 633 1502 iterum
645 1445 723 1501 nobis
735 1446 991 1519 enthymematicus,

196 1538 223 1594 id
238 1547 279 1594 est
292 1538 443 1593 rhetoricus
455 1538 630 1609 syllogismus
645 1537 775 1593 elucescit
786 1538 881 1594 eodem
895 1539 991 1595 modo:

196 1633 301 1687 tianere
316 1637 478 1700 praeeeptmu
493 1640 533 1685 est
548 1631 574 1684 iu
589 1629 681 1695 israel,
699 1639 726 1686 ει
737 1630 866 1701 judicium
883 1631 937 1686 heo
950 1631 993 1686 ia·

1043 627 1203 696 qnempiam
1219 627 1264 681 sed
1283 643 1357 682 ortana
1369 627 1494 699 judicium
1513 626 1582 681 dedit
1599 625 1622 680 F
1624 625 1669 680 iiio
1691 625 1790 696 (ioan.
1808 644 1843 695 r,

1043 717 1107 786 22).
1122 717 1178 773 liae
1190 733 1254 787 ergo
1264 717 1466 786 dispensatione
1480 717 1595 772 mirabili
1617 718 1757 772 Dantinum
1776 733 1845 773 corr·

1043 816 1097 864 stat
1110 824 1171 864 esse
1184 809 1356 878 laudandum,
1367 809 1411 880 qui
1425 819 1452 865 et
1462 810 1547 881 legem
1561 808 1642 880 279
1657 809 1742 873 dcdit,
1758 821 1784 865 et
1798 809 1844 880 ja·

1043 901 1142 957 dicium
1157 902 1274 958 laturum
1294 917 1348 957 suu
1365 901 1512 972 majestatis
1526 900 1650 955 innotuit.
1671 899 1843 956 dacobertho

1043 992 1159 1068 dirimas
1176 992 1328 1063 signidcare
1342 993 1468 1062 populum
1482 1001 1650 1061 sequentem,
1667 993 1713 1060 qui
1729 992 1843 1060 adopta-

1046 1095 1088 1139 tus
1101 1099 1149 1154 per
1163 1084 1275 1154 gratiam
1289 1082 1391 1140 Christi
1406 1083 1498 1153 prinum
1513 1082 1692 1139 districtionis
1705 1091 1843 1155 praecepta

1045 1178 1192 1246 enunciavit.

1083 1267 1401 1324 vassallorumque
1425 1267 1450 1321 in
1465 1266 1562 1336 ioseph
1582 1268 1667 1338 posuit
1689 1266 1767 1330 iliud,
1783 1282 1841 1321 cum

1045 1363 1124 1414 exiri-t
1141 1360 1174 1414 de
1195 1369 1263 1413 terro
1278 1358 1405 1429 AEqppti,·
1429 1361 1541 1430 inquunt
1560 1374 1637 1429 quam
1660 1373 1712 1413 non
1734 1367 1840 1412 nacerat

1045 1455 1154 1508 audiuit.
1169 1450 1266 1519 ioseph
1286 1451 1421 1522 siguificat
1436 1448 1711 1520 augtuentum,.cujus
1725 1448 1843 1503 nominis

1045 1542 1231 1612 interpretatio
1253 1542 1435 1596 testitunnium
1451 1549 1493 1595 cst
1508 1540 1613 1594 deortui
1630 1540 1733 1608 populi,
1750 1541 1796 1608 qui
1810 1541 1841 1594 de
1888 1539 1892 1546 '

1045 1643 1112 1689 terro
1126 1632 1238 1705 AEggpti
1249 1631 1440 1700 multiplicatus
1450 1631 1597 1686 esisit.Sed
1613 1631 1663 1686 hoc
1674 1629 1707 1684 sd
1723 1638 1843 1686 nostram

197 1723 246 1776 cub
262 1740 268 1775 :
284 1721 444 1776 eatstauduns
462 1729 504 1776 εει
527 1721 608 1789 igitur
623 1720 649 1773 in
665 1720 742 1774 initio
758 1721 859 1777 niensis
877 1720 954 1800 tuba,
968 1723 992 1774 in
1010 1733 1032 1793 g
1048 1726 1247 1796 generationem
1272 1732 1455 1793 competenter
1480 1732 1596 1792 aptatur.
1619 1721 1686 1776 Nam
1706 1722 1777 1776 sicut
1800 1721 1844 1776 iiie

197 1815 241 1868 dic
264 1813 361 1883 insigni
380 1812 560 1868 solemnitatis
582 1825 686 1866 eorum.
704 1812 782 1867 hlodo
797 1813 898 1883 reliqua
923 1827 992 1882 pcr-

203 1913 365 1960 scrutemur.

235 1994 310 2048 Vens.
326 1992 353 2047 d.
365 1991 455 2046 Currite
468 1992 541 2046 initio
555 1983 648 2047 mansis
663 1991 734 2060 tabu,
747 1993 775 2047 in
787 1992 829 2047 die
843 1994 938 2067 insiqrti
948 2011 994 2049 su·

196 2084 334 2140 irinatitatis
344 2095 441 2137 uestra.
452 2083 617 2154 Praecptum
631 2083 718 2138 iuerat
729 2086 800 2140 inter
811 2086 865 2138 alia
879 2086 993 2152 iudaeis,

197 2186 253 2231 uta
275 2177 361 2247 prima
377 2176 421 2230 die
442 2177 549 2244 septimi
573 2177 684 2246 mensis,
700 2184 802 2246 septem
818 2176 914 2232 diebus
931 2180 994 2233 tuba

198 2279 334 2334 candent,
347 2268 416 2338 quod
439 2268 571 2338 hodieque
592 2269 737 2324 carnaliter
756 2268 875 2340 iaciunt,
890 2287 942 2325 trun
956 2274 996 2326 iu·

198 2361 348 2434 teiiigeutes
364 2360 425 2416 ideo
439 2358 523 2415 inisse
536 2360 653 2430 jttssum,
668 2363 793 2429 quoniam
809 2359 927 2429 Spiritus
939 2377 994 2416 sau

198 2455 233 2510 cti
248 2453 332 2526 gratia
347 2452 511 2522 septilormis
526 2451 694 2522 baptizandis
706 2461 764 2508 erat
776 2461 832 2507 toto
845 2452 913 2508 orbe
927 2467 996 2523 prac-

1046 1834 1094 1889 por
1109 1818 1190 1873 utaris
1211 1817 1294 1872 Rubri
1317 1817 1401 1871 urrdas
1416 1815 1534 1870 salvatus
1549 1815 1651 1885 ejectus
1665 1824 1720 1883 cst,
1740 1817 1780 1871 sic
1795 1831 1844 1871 uos

1045 1920 1142 1965 aterra
1155 1908 1276 1980 AEgypti,
1291 1907 1317 1962 id
1330 1916 1372 1963 est
1385 1922 1401 1962 a
1414 1908 1486 1961 vitiis
1499 1906 1651 1962 carnalibus
1661 1908 1789 1975 absoluti,
1803 1923 1845 1962 sa·

1045 2016 1091 2057 cra
1106 2001 1174 2056 unda
1186 2009 1373 2070 regenerante,
1388 2000 1563 2054 renascimur.
1578 1999 1632 2053 Noe
1644 2014 1742 2054 nomen
1755 2000 1843 2069 ipsunt

1046 2092 1126 2149 utaris
1143 2093 1224 2148 Rubri
1238 2102 1334 2147 vacat:
1351 2093 1412 2162 quia
1427 2091 1497 2146 sicut
1515 2090 1582 2145 iliud
1596 2079 1717 2145 Rubrum
1734 2101 1843 2146 constat

1046 2187 1110 2255 dici,
1128 2187 1163 2239 ita
1186 2194 1214 2241 et
1230 2186 1286 2240 istuc
1300 2200 1370 2256 aqna
1391 2183 1472 2240 rubra
1500 2192 1587 2254 potest
1608 2187 1771 2255 utmcupari,
1788 2203 1845 2255 qua

1047 2293 1099 2332 uua
1125 2293 1185 2333 eum
1203 2277 1332 2347 sanguiue
1346 2276 1380 2332 de
1396 2277 1479 2331 latere
1502 2276 1609 2331 Domini
1624 2275 1774 2331 salvatoris
1790 2279 1845 2331 eri·

1050 2370 1094 2424 rit.
1112 2369 1248 2439 Sequitur,
1263 2367 1378 2438 linquam
1389 2382 1465 2435 quarn
1475 2382 1525 2421 non
1536 2374 1641 2420 nouerat
1656 2367 1767 2421 audiuit.
1784 2365 1842 2421 Lin-

1048 2477 1126 2530 guam
1141 2461 1186 2516 hie
1199 2459 1265 2514 Noti
1278 2458 1444 2514 Testamenti
1458 2466 1591 2527 praecepta
1607 2457 1736 2512 deberuus
1749 2457 1843 2512 adrer-

199 2549 325 2605 dicauda.
343 2546 420 2604 Uude
435 2561 507 2601 nuno
525 2545 618 2602 hdcies
633 2546 760 2601 admouet
775 2544 955 2613 Christianus,
969 2554 998 2600 ut
1050 2563 1117 2608 rere,
1133 2550 1200 2606 Nam
1223 2551 1246 2606 si
1264 2564 1404 2606 perniones
1424 2549 1567 2620 inteiligas,
1582 2550 1717 2618 «quomodo
1730 2549 1845 2621 linquunt

199 2639 293 2696 laudes
307 2638 411 2693 Domini
423 2636 577 2706 praeconiali
589 2637 707 2692 debeant
721 2651 786 2692 voce
800 2644 920 2703 caumas,
937 2650 996 2691 curn
1049 2658 1126 2712 quam
1137 2659 1189 2696 nort
1198 2652 1302 2696 nouerat
1316 2641 1429 2710 popalus
1442 2641 1569 2696 liebraeus
1581 2640 1760 2709 audirit,dum
1772 2639 1845 2697 Chri·

199 2748 276 2791 ttorae
295 2732 510 2803 regenerationis
525 2730 625 2786 luerint
637 2730 734 2800 gaudia
756 2733 906 2786 consecuti.
922 2729 999 2784 iubs
1049 2745 1120 2790 stum
1135 2735 1276 2789 [laurinum
1292 2733 1408 2790 locutum
1423 2741 1530 2788 constet
1550 2732 1697 2788 liebraicei
1711 2734 1768 2789 liae
1782 2749 1845 2805 crgo

200 2829 272 2883 etaim
299 2844 361 2884 curn
387 2827 507 2898 ponitur,
533 2826 703 2897 grandisonis
730 2825 829 2896 aliquid
857 2825 999 2893 predicari
1050 2829 1125 2895 dicit,
1142 2828 1203 2900 quia
1215 2841 1263 2897 per
1278 2824 1452 2895 Evangeiium
1465 2824 1606 2879 audierunt
1619 2824 1746 2896 linquunt,
1764 2825 1790 2879 id
1805 2834 1845 2882 ess

200 2921 363 2975 clamoribus
389 2918 532 2974 iudicatur.
549 2918 595 2973 Sic
614 2926 642 2972 et
660 2916 728 2971 alius
754 2915 884 2987 propheta
911 2915 997 2971 dicit:
1051 2929 1194 2992 praccepta,
1220 2932 1281 2990 quae
1305 2915 1379 2986 prius
1401 2931 1494 2970 eorum
1523 2915 1616 2971 notitia
1644 2930 1696 2970 non
1720 2915 1845 2972 trahebat.

202 3013 329 3068 Exclamo
340 3020 363 3066 ει
374 3012 462 3066 eaaita
474 3012 540 3065 sicut
561 3009 622 3065 tuba
644 3025 729 3064 uocem
749 3016 819 3064 tuum
830 3006 909 3082 (isai.
920 3024 998 3073 urrzr,
1051 3016 1115 3070 Sive
1129 3013 1192 3067 illud
1206 3010 1337 3081 signiiieat
1357 3019 1474 3080 ternpus,
1489 3009 1594 3080 quando
1613 3009 1728 3078 apostoli
1746 3009 1846 3077 Spiritu

201 3104 482 3177 quenadmodum
496 3112 539 3159 est
553 3117 661 3173 quoque
678 3102 749 3172 quud
765 3119 814 3172 per
826 3117 927 3170 organa
941 3107 1034 3170 tarra-c
1050 3115 1138 3164 saneto
1158 3103 1263 3173 repleti,
1296 3102 1389 3172 linguis
1411 3101 1508 3173 ignotis
1532 3109 1560 3158 et
1582 3101 1660 3156 usuriis
1680 3109 1742 3156 sunt
1769 3102 1849 3158 locuti

201 3199 265 3253 sica
280 3197 429 3267 discipliuae
444 3203 472 3253 et
489 3195 605 3266 psallere
622 3193 748 3261 Domino,
764 3203 792 3249 et
810 3192 882 3249 diem
904 3195 997 3262 praeci-
1052 3197 1158 3268 (decu,
1176 3192 1217 3262 i).

202 3291 290 3361 piatur
302 3290 482 3347 solemnitatis
504 3288 636 3359 implere,
653 3295 683 3341 ut
696 3287 767 3342 sieut
779 3285 826 3341 iila
840 3287 999 3356 rediguntur
1088 3286 1163 3342 i'ers.
1179 3283 1204 3340 6.
1222 3279 1330 3337 divertit
1352 3282 1384 3335 at
1406 3282 1525 3337 oneribus
1543 3283 1646 3337 dorsum
1659 3285 1735 3356 ejas:
1755 3298 1846 3337 marrus

203 3384 237 3439 ad
262 3382 433 3440 dulcisonum
456 3380 553 3446 tuclus,
575 3390 602 3434 et
627 3380 653 3433 in
675 3393 756 3433 uuarn
781 3378 997 3434 convenientiam
1050 3379 1143 3451 ejrisin
1157 3374 1268 3447 capitino
1281 3375 1431 3428 seruieruut.
1445 3375 1476 3429 Et
1496 3373 1548 3430 hare
1567 3376 1690 3445 quamtis
1711 3376 1746 3429 ad
1763 3377 1845 3430 histo·

202 3478 324 3533 suaviter
338 3476 514 3546 colliguntur,
527 3473 564 3527 ita
573 3471 662 3526 omnis
673 3479 749 3526 aetus
762 3478 855 3525 noster
863 3469 999 3542 redigatur
1049 3471 1115 3526 riam
1128 3470 1179 3523 dici
1197 3467 1328 3535 rideatur,
1341 3466 1447 3538 quando
1459 3468 1484 3520 iu
1500 3466 1616 3537 AEgyptu
1628 3466 1784 3522 itrdaeorum
1798 3482 1844 3537 po·

202 3562 236 3624 ad
252 3567 406 3635 Dominum,
420 3576 447 3623 ct
462 3564 659 3638 jucrtndissima
674 3562 857 3619 modulatione
877 3562 936 3632 ejus
951 3565 999 3616 aa·
1034 3562 1127 3633 ··pulas
1141 3559 1254 3614 diversis
1270 3558 1476 3614 necessitatibus
1497 3559 1641 3625 serviebat,
1656 3559 1737 3614 modo
1753 3568 1783 3613 ut
1804 3560 1844 3613 ia·

202 3660 278 3716 ribus
301 3657 439 3714 oderetur.
460 3655 507 3710 Est
531 3655 604 3710 enim
626 3651 775 3727 discipline
790 3652 875 3722 ipsius
902 3665 998 3720 magna

202 3753 245 3807 vis
266 3749 487 3819 detestabilisque
508 3746 637 3817 cognitio,
658 3760 738 3814 quam
760 3744 888 3800 doctores
909 3757 997 3797 sucu·

204 3844 300 3900 larium
315 3841 463 3897 litterarum
478 3840 624 3910 (largiente
637 3837 703 3905 Deo,
720 3837 763 3906 qui
779 3835 903 3892 coneedit
917 3849 997 3890 omrtc

200 3936 273 4008 'qrtod
286 3935 350 3990 utile
363 3932 423 4004 est)
439 3932 560 3988 lecerunt
574 3930 745 3987 doctrinabili
765 3929 883 3986 lectione
896 3943 997 4000 eogno-

202 4031 253 4096 soi,
263 4044 322 4100 quae
336 4029 362 4085 iu
379 4041 468 4084 rerum
483 4039 576 4082 natura
591 4025 665 4094 prius
676 4025 818 4081 tenebatur
830 4023 995 4079 abscondita.

203 4122 293 4179 Prima
306 4136 371 4192 ergo
391 4120 470 4190 itujus
484 4118 632 4191 discipline
653 4118 760 4189 partitio
776 4126 817 4173 est
829 4118 995 4185 harmonica,

205 4218 368 4290 rhythmica,
389 4215 510 4272 metrica.
526 4215 649 4271 Secunda
675 4212 782 4282 partitio
803 4213 994 4269 instrumento·

203 4327 263 4366 rum
279 4311 339 4381 ejus
349 4319 391 4364 est
406 4308 433 4362 in
449 4306 667 4378 percussionalia,
683 4306 710 4361 in
726 4305 868 4373 tensibilia,
887 4307 913 4360 in
928 4305 995 4360 ilati-

204 4405 249 4458 iia.
263 4402 355 4458 Tertia
366 4401 494 4456 dividitur
508 4399 534 4454 in
548 4397 723 4470 symphonias
735 4413 792 4454 sea.
809 4397 910 4466 Quarta
925 4398 996 4453 diri-

1050 3665 1121 3712 teres
1142 3652 1350 3724 tacereqmodo
1370 3664 1399 3709 ut
1426 3663 1525 3709 terram
1546 3655 1670 3722 cophinis
1691 3656 1845 3721 exiaiberet,

1050 3757 1138 3802 tamen
1151 3745 1219 3801 istud
1231 3745 1443 3801 Christianorum
1457 3745 1577 3816 partibus
1590 3747 1745 3816 diligentius
1757 3748 1843 3818 appii·

1049 3853 1150 3905 carnus,
1167 3854 1181 3892 a
1197 3854 1311 3910 quorum
1325 3839 1406 3894 dorsu
1419 3840 1517 3894 avertit
1534 3840 1604 3895 Deus
1616 3854 1698 3896 oriere
1723 3854 1846 3910 peecato-

1049 3949 1119 3998 rum,
1134 3931 1240 4001 quaudo
1262 3945 1292 3986 se
1308 3931 1376 3987 leliei
1402 3932 1552 3987 humilitate
1567 3941 1758 4001 prosteruunt,
1775 3935 1845 3990 sicut

1048 4026 1105 4098 ipse
1120 4027 1201 4082 dicit:
1220 4024 1309 4082 Vertite
1322 4028 1362 4080 aa
1376 4043 1424 4095 nae,
1439 4043 1527 4083 omnes
1544 4029 1588 4094 qus'
1601 4029 1723 4082 taboratis
1737 4038 1761 4082 et
1783 4046 1844 4083 une·

1047 4119 1099 4173 ruti
1112 4119 1180 4184 estis,
1198 4129 1222 4172 et
1231 4134 1277 4190 eqo
1292 4118 1406 4188 reficiant
1418 4134 1461 4173 uos
1474 4117 1584 4189 (listris.
1596 4134 1634 4186 st,
1647 4118 1705 4189 38).
1714 4117 1844 4186 Copiriuos

1048 4223 1137 4267 autem
1154 4212 1267 4268 dicimus
1278 4225 1326 4282 per
1339 4226 1408 4283 quus
1422 4214 1541 4266 sordium
1563 4221 1738 4283 purgamenta
1760 4212 1845 4283 proji-

1047 4305 1143 4368 cimus,
1159 4314 1187 4358 ιιι
1202 4303 1254 4358 1οεί
1270 4304 1373 4373 puritas
1387 4304 1531 4370 elucescat.
1545 4302 1641 4357 liunus
1657 4319 1722 4375 ergo
1738 4318 1803 4359 suas
1817 4307 1843 4360 iu

1047 4397 1086 4450 eis
1105 4403 1195 4449 tenent
1214 4397 1259 4465 qui
1275 4406 1444 4464 peccatorum
1461 4393 1638 4450 immunditiis
1656 4403 1843 4463 occupantur:

205 4493 278 4548 ditur
301 4492 327 4546 in
344 4500 422 4546 tonos
434 4488 596 4560 quindecim.
610 4487 654 4543 Sic
675 4489 755 4543 totius
767 4488 850 4543 rirtus
870 4487 996 4558 pulcher·
1013 4482 1097 4543 Dsed
1122 4491 1155 4545 de
1178 4488 1227 4543 hac
1251 4489 1381 4544 servitute
1405 4487 1549 4544 liberamur
1568 4503 1582 4541 a
1598 4488 1720 4554 bosniae,
1736 4487 1845 4559 quando

206 4585 279 4639 sintae
293 4583 367 4639 istius
384 4581 532 4651 disciphnae
547 4579 643 4635 talibus
654 4580 804 4650 priscorum
818 4580 995 4637 distortioni-

205 4677 256 4733 bus
270 4677 432 4746 exptteamr;
448 4690 496 4746 per
508 4689 576 4744 quus
586 4673 681 4729 modos
692 4672 719 4729 in
733 4673 906 4729 sacularibus
922 4676 996 4731 libris

206 4768 288 4823 trttrita
309 4767 414 4837 quidem
439 4765 550 4838 tegimus
565 4773 672 4820 ostensa
688 4762 771 4820 inisse
785 4763 923 4819 miracula.
940 4765 994 4822 Sed

144 4880 150 4891 =
205 4876 230 4913 ιιι
247 4859 365 4913 lalruinsa
388 4857 456 4912 sorte
479 4865 631 4922 uiuamus,
645 4871 693 4927 per
716 4857 846 4912 citharam
868 4871 993 4914 canoram

205 4953 253 5004 bat
262 4950 287 5005 id
296 4949 435 5020 legimusa
449 4948 529 5004 Saule
541 4950 646 5017 fugasse
657 4948 818 5003 daemonium
830 4955 836 5005 t
842 4945 856 5000 1
868 4948 931 5019 deq.
941 4964 994 5017 rvr,

205 5041 271 5111 23);
286 5055 378 5096 muros
392 5039 499 5097 iericho
513 5039 695 5108 clangentibus
710 5038 781 5093 tubis
799 5041 921 5108 protinus
936 5055 996 5095 carr·

205 5135 290 5190 risisse
301 5131 370 5204 (dos.
385 5148 421 5200 rt,
436 5132 497 5205 tu),
515 5131 594 5188 lectio
606 5131 696 5186 divina
708 5140 834 5197 testatur;
848 5141 876 5185 ut
887 5132 994 5187 dubium

207 5239 260 5278 aon
272 5224 307 5278 sit
321 5222 438 5278 nursicus
448 5236 529 5277 sonos
541 5220 661 5292 (jubente
675 5230 763 5275 tanaeu
777 5234 809 5276 ae
824 5223 996 5289 permittente

206 5315 332 5390 hominm)
348 5330 457 5387 magnas
468 5315 626 5386 plerumque
640 5315 737 5371 lesisse
750 5313 872 5370 virtutes.

241 5411 317 5466 hers.
331 5409 357 5464 1.
374 5407 442 5474 Quia
456 5418 612 5479 preceptum
633 5406 660 5460 s'n
675 5404 759 5460 israel
773 5415 819 5472 est,
834 5415 858 5460 et
865 5406 995 5477 judicium

206 5500 260 5554 uio
271 5500 361 5557 iacob.
376 5501 444 5556 Dicit
458 5495 566 5554 causam
580 5513 662 5570 quare
673 5497 787 5554 debeant
799 5497 861 5552 tuba
875 5512 992 5553 cauere:

205 5593 266 5661 quia
283 5594 326 5647 isa
342 5592 404 5646 data
420 5601 461 5647 est
482 5608 530 5662 per
547 5593 656 5664 hioysen
679 5590 706 5645 in
729 5590 873 5646 israelitico
886 5591 994 5660 populo,

206 5696 256 5746 qua
276 5685 381 5749 cugatita
402 5683 489 5736 nulius
511 5697 620 5750 praecare
639 5682 784 5737 debuisset.
802 5680 934 5736 iudicium
949 5695 995 5735 att·

1046 4582 1177 4635 scelerum
1195 4566 1346 4634 nostrorum
1362 4579 1487 4635 sordibus
1498 4581 1649 4651 expiamur.

1084 4671 1158 4726 t‘ers.
1176 4671 1201 4725 7.
1219 4668 1252 4724 in
1266 4670 1428 4725 tribulatione
1439 4671 1563 4726 invocasti
1575 4688 1623 4738 ιιιε,
1640 4681 1663 4725 ει
1675 4671 1782 4727 liberari
1795 4683 1820 4726 te
1834 4687 1844 4727 .·

1046 4764 1163 4818 exaudiui
1182 4772 1205 4816 te
1223 4764 1250 4816 in
1270 4761 1418 4816 abscondito
1441 4764 1620 4834 ternpsstuts's:
1641 4764 1748 4832 potam
1764 4775 1788 4818 ts
1806 4767 1840 4818 ad

1046 4871 1139 4924 aptiora
1158 4855 1376 4909 contradicturis.
1397 4853 1455 4909 iam
1471 4855 1579 4925 quidem
1596 4855 1701 4909 Domini
1716 4855 1844 4912 Salvato-

1047 4950 1085 5004 ris
1109 4948 1189 5004 verba
1216 4946 1381 5014 reseruntur,
1404 4956 1432 5003 et
1456 4957 1563 5017 poterat
1583 4963 1644 5005 esse
1668 4949 1777 5016 divisio,
1791 4952 1843 5007 uisi

1048 5049 1108 5109 pust
1124 5055 1229 5094 uersum
1244 5041 1324 5094 istum
1340 5038 1487 5109 diapsalma
1503 5049 1681 5110 sequeretur:
1697 5041 1743 5098 ubi
1759 5048 1845 5114 magis

1047 5129 1243 5197 competentius
1255 5130 1390 5185 credimus
1401 5144 1461 5185 esse
1473 5129 1485 5184 1
1491 5130 1632 5186 ciendam.
1644 5131 1697 5187 Sed
1712 5134 1844 5202 quoniam

1048 5235 1161 5292 persona
1185 5229 1285 5275 mutata
1311 5221 1429 5285 εει,1ιοε
1450 5222 1559 5278 seiteina
1576 5224 1675 5280 dieitur
1693 5226 1845 5296 ethuptnis,

1047 5313 1152 5383 quoties
1174 5314 1291 5385 aliquem
1306 5315 1500 5371 introducimus
1515 5318 1548 5370 ad
1563 5317 1735 5386 loquendum.
1754 5320 1848 5389 impu·

1047 5413 1138 5459 tantur
1153 5407 1224 5462 euim
1242 5407 1382 5476 beneficia,
1396 5418 1424 5461 ut
1435 5409 1542 5476 gravior
1564 5408 1713 5464 aestimetur
1725 5407 1845 5465 offensa.

1048 5497 1107 5565 Ιρεε
1121 5495 1192 5552 ειιίιιι
1208 5513 1257 5552 tros
1272 5498 1307 5554 de
1322 5497 1486 5552 tribulatione
1504 5496 1605 5563 liberat,
1620 5498 1678 5567 ise
1692 5501 1717 5553 iss
1732 5501 1846 5556 abscon·

1047 5590 1100 5642 dito
1111 5592 1260 5659 angustiam
1275 5589 1353 5664 [mss.
1370 5589 1402 5645 G.
1418 5598 1445 5645 et
1459 5589 1502 5655 F„
1517 5591 1544 5644 t'n
1554 5591 1846 5665 absconditoonqustia]

1049 5690 1147 5736 nostrae
1163 5682 1317 5754 tempestatis
1329 5681 1398 5755 [ms.
1414 5682 1459 5750 Α,
1476 5682 1621 5737 tentationis
1631 5681 1639 5730 l
1649 5685 1780 5739 exaudit:
1796 5683 1844 5740 sed
