3794 6128
148 254 202 313 535

620 252 798 308 extusum
819 250 850 305 lr'
873 249 1099 306 retinebitur.
1120 249 1216 306 l’srt.
1239 252 1303 304 tlt'.

1719 250 1771 307 otu

139 382 181 425 «att
193 368 338 424 secundom
354 382 460 423 earnem
484 381 544 420 enm
570 366 673 420 Patrem
691 365 812 419 dicamus
828 363 935 417 Domini
955 364 1140 432 nptrcotorir,
1157 364 1364 417 subaudiendum
1379 373 1434 427 est,
1459 364 1541 419 libera
1556 380 1617 427 nte;
1643 373 1670 419 nt
1690 369 1772 434 posit

150 457 266 525 tittrtsti;
291 458 361 511 sieut
383 458 409 510 io
432 455 576 525 Evangelio
595 469 683 510 cocus
705 455 855 510 exclamat:
881 450 934 505 Fili

154 550 247 613 bene,
263 548 442 602 misereremei
455 547 530 615 (Luc.
545 561 618 613 xxtn,
630 546 688 615 lb).
707 546 857 600 Secundum
871 544 939 598 dini·

155 639 264 691 tritatcm
279 650 343 691 reru
364 651 470 690 serrum
492 650 553 690 esse
572 635 720 699 lateatnor3
743 633 890 703 sicutipse
911 636 936 687 ἰιι

155 726 300 785 centesimo
315 740 386 780 nonu
402 726 504 795 psalmo
514 726 578 779 dicit
588 741 596 779 c
608 724 679 778 llicit
691 722 816 777 Dominus
828 721 938 776 Domino

156 834 227 874 neo:
243 817 314 873 Sede
326 833 342 870 a
353 818 449 871 destris
463 817 524 870 neeis
538 815 622 887 (Ptol.
637 831 693 882 crx,
709 816 746 882 l).

440 929 535 982 Divisio
554 930 656 998 psalmi.

189 1039 241 1094 Per
257 1048 341 1095 totum
355 1041 485 1111 psalmom
501 1039 602 1093 duobos
619 1038 851 1108 diapsalmatibus,
863 1036 938 1108 quasi

157 1132 266 1198 nemitos·
279 1131 364 1185 oeulis
377 1131 503 1185 decenter
514 1120 653 1199 apposids,
665 1132 746 1185 rerba
759 1141 820 1184 sunt
836 1130 940 1184 Domini

105 1202 111 1219 ’
158 1220 301 1278 Selratoris
315 1237 348 1275 cx
362 1220 446 1274 iortrta
460 1222 547 1288 serni,
566 1237 643 1291 quant
659 1222 761 1294 integra
778 1223 940 1293 proprietate

159 1310 315 1377 declarans,
342 1308 497 1363 ltumilitatis
524 1308 599 1362 nubis
625 1308 807 1363 saluber-ritum
832 1308 941 1362 donarit

159 1401 318 1467 exemplum.
344 1400 372 1454 ln
388 1399 473 1470 prima
490 1410 563 1468 parte
578 1403 644 1469 petit
662 1415 696 1454 rte
719 1399 744 1453 irr
767 1399 940 1455 tribulatione

160 1493 232 1559 positi
247 1491 413 1561 despiciatur
426 1492 529 1545 oratio:
551 1491 698 1559 deprecans
719 1489 884 1544 liberationis
898 1505 942 1544 ee-

160 1581 306 1646 leritatcru,
329 1595 408 1650 ipram
434 1595 465 1635 err
490 1579 577 1635 carnis
604 1579 756 1635 'tttltrrnitate
779 1579 941 1649 probabatur

158 1679 291 1738 expetere.
318 1669 441 1724 Secundo
455 1670 513 1724 locu
527 1667 679 1723 iudeorum
693 1668 793 1723 destrui
811 1674 942 1739 aupp'icat

157 1758 320 1828 iniquitates,
334 1759 459 1829 quoniam
482 1760 507 1813 iu
533 1761 640 1813 ciuitate
655 1760 773 1826 ipsorum
795 1769 852 1814 erat
874 1777 940 1815 con-

157 1848 279 1903 lrodittiu
295 1849 421 1902 tentans.
443 1847 534 1901 Tertio
550 1847 608 1901 loco
627 1846 692 1901 dicit
715 1862 774 1916 quse
802 1847 942 1903 obstinatis

149 1937 253 1995 iudeis
266 1954 314 2009 pro
326 1941 380 1993 suis
394 1938 541 1994 sceleribus
554 1948 664 1992 rtorerat
677 1938 792 1993 evenire.
819 1937 942 1994 Postlrmc

151 2028 334 2083 introducitur
348 2029 388 2098 pia
403 2029 568 2094 corrolatio,
591 2042 625 2082 ne
639 2027 698 2097 nois
714 2026 831 2081 bdelium
847 2027 937 2082 aedita

142 2118 299 2173 teneritate
311 2117 411 2173 iudicis
425 2127 458 2170 te:
468 2124 581 2170 reretur.
818 2124 821 2131 ·

425 2229 557 2297 Expositis
575 2229 677 2300 penlrni.

190 2344 270 2399 iens.
285 2344 312 2398 i.
332 2341 451 2406 Exaudi,
475 2341 562 2404 llcttt,
585 2342 724 2395 orationem
747 2357 843 2405 meunt,
867 2351 889 2395 el
911 2356 943 2394 tte

132 2434 300 2503 despexeris
319 2434 518 2500 deprecationem
540 2448 631 2485 ntcant.
656 2432 780 2487 cbristus
803 2432 942 2499 borttntos,
972 2451 984 2475 ο

129 2527 199 2595 qui
221 2525 257 2578 ad
280 2538 329 2579 nos
349 2526 422 2576 reon
444 2523 485 2592 pia
502 2521 620 2577 rttiserati
633 2538 674 2577 ote
696 2523 857 2587 salvandos,
880 2523 942 2576 tite

131 2618 235 2672 nobis
249 2616 362 2671 lorrnaur
377 2616 498 2671 tribuens
513 2626 539 2669 et
552 2616 681 2678 saltuem,
696 2631 728 2669 ex
743 2615 943 2685 dispensatione

128 2719 209 2778 qua
220 2720 316 2776 passos
326 2716 378 2773 est,
393 2706 420 2760 itt
433 2705 523 2760 mundi
539 2705 780 2773 perturbationibus
793 2707 942 2760 voluntarie

991 457 1067 509 nobis
1077 456 1220 508 secondum
1232 472 1316 508 :tut-tor
1324 456 1414 509 itatem
1425 454 1562 509 llebroeam
1572 470 1695 509 versuum
1707 471 1771 510 con·

989 555 1061 601 stare
1073 545 1177 600 divisio.
1202 549 1224 598 Α
1238 562 1296 599 tore
1309 547 1404 599 itrintiri
1418 548 1484 614 petit
1498 563 1527 601 se
1540 547 1653 610 loono,
1667 551 1771 617 qnando

989 636 1021 690 tie
1035 637 1089 705 ipae
1100 636 1197 689 ‹lit-cine
1211 637 1324 704 populos
1334 637 1503 690 latinorum:
1518 638 1549 690 Si
1561 637 1615 692 lies
1626 635 1709 692 lsrael
1723 649 1770 703 est,

989 726 1125 779 descendet
1138 725 1170 780 tie
1184 741 1267 793 crure,
1284 734 1307 778 et
1320 726 1444 780 ereditrtur
1458 727 1480 780 ei
1495 724 1601 797 (lirrttlr.
1615 743 1698 793 xxrrr,
1716 726 1772 796 bip.

991 815 1058 870 Petit
1077 830 1142 885 ergo
1163 824 1191 870 ut
1210 816 1267 870 boo
1280 831 1330 869 ror
1347 816 1506 885 per-lidorum
1522 830 1663 888 conspecta
1685 835 1773 875 resur-

990 907 1108 967 rectione
1125 908 1256 961 vincatur.
1283 908 1426 962 Tribnlntiu
1450 924 1513 962 uero
1536 913 1675 978 peccatoris
1698 920 1773 977 crat,

990 998 1097 1067 quatrio
1115 1014 1174 1053 enm
1196 1014 1243 1054 ore
1262 1001 1391 1065 sacrilego
1412 1001 1611 1068 conspuebant,
1631 1000 1773 1057 coedebant

991 1089 1074 1155 alapis
1088 1103 1119 1142 ac
1132 1088 1255 1157 depellis,
1271 1102 1298 1144 ct
1315 1091 1391 1161 183
1403 1093 1623 1158 exprobrationes
1639 1092 1674 1146 illi
1690 1108 1770 1162 supra

990 1179 1102 1234 retbere
1123 1180 1302 1248 gernitrabanl.
1327 1182 1464 1248 Serruitur,
1488 1182 1606 1252 qnoniam
1628 1184 1774 1237 declinere·

991 1280 1050 1323 runt
1064 1272 1090 1324 in
1104 1287 1142 1325 nte
1156 1272 1329 1341 iniquitatem,
1353 1281 1376 1326 et
1396 1273 1423 1325 itt
1442 1274 1481 1325 int
1500 1272 1600 1327 nrolerti
1614 1285 1687 1328 erant
1702 1273 1773 1329 milr‘.

993 1362 1116 1417 Faenus
1127 1365 1214 1432 pupuli
1231 1365 1440 1432 oppetentium
1456 1364 1572 1419 bunellus
1585 1379 1678 1419 cursus
1693 1380 1774 1436 expo·

993 1453 1073 1506 uitur.
1099 1451 1293 1507 beettnorerntn
1308 1456 1378 1509 enim
1394 1456 1420 1508 in
1437 1456 1577 1510 bominum
1603 1456 1772 1526 iniquitatem,

993 1542 1055 1609 utria
1073 1542 1170 1595 mill-‚rm
1185 1544 1305 1596 volentes
1323 1543 1443 1609 recipcre
1464 1544 1605 1606 rationem,
1620 1545 1774 1598 ciirtsiontnt

994 1631 1130 1699 sanguinis
1143 1632 1293 1686 innocentis
1306 1634 1476 1701 expetebant.
1500 1635 1534 1687 Et
1548 1642 1609 1687 nota
1623 1648 1701 1702 quarn
1721 1650 1776 1687 ura-

956 1731 980 1791 Β
993 1736 1051 1789 ptiar
1064 1735 1152 1775 cauare
1165 1722 1254 1776 verbis
1268 1722 1378 1791 singulis
1395 1723 1571 1790 explicantur.
1591 1723 1698 1778 ludaeos
1711 1723 1778 1778 dicit

992 1810 1165 1866 nehernerrtcr
1179 1813 1320 1881 accensos,
1339 1827 1406 1882 utros
1421 1813 1459 1867 ira
1474 1813 1576 1869 lerrida
1593 1815 1778 1884 precipitabant

992 1901 1026 1954 ati
1040 1901 1153 1956 lucinus.
1177 1902 1242 1956 Nam
1258 1905 1327 1971 qnod
1344 1903 1377 1957 ad
1394 1918 1423 1958 se
1442 1906 1554 1973 pertinet
1571 1905 1653 1970 dixit,
1675 1904 1777 1958 molesti

992 2000 1064 2045 erorrt
1076 1992 1156 2052 milti:
1169 1993 1239 2060 quoti
1251 1992 1320 2045 srrlet
1331 1993 1407 2047 nobis
1418 1994 1583 2062 contingere,
1594 1995 1699 2063 qrratttlo
1712 2008 1776 2064 pro·

992 2083 1104 2136 cecitate
1119 2084 1251 2150 superllur
1271 2084 1406 2139 rctldtrnur
1422 2084 1543 2156 inquici.
1568 2087 1685 2142 Attdiani
1707 2088 1773 2142 iosi-

992 2172 1096 2240 pientes
1108 2172 1193 2227 lorini
1212 2173 1324 2227 bomine
1337 2189 1368 2229 se
1382 2184 1481 2230 tanturn
1497 2177 1593 2232 iecisse
1613 2179 1773 2246 molestiam,

992 2264 1042 2318 eibi
1058 2272 1145 2318 autern
1162 2275 1316 2334 perpetuam
1330 2267 1445 2320 ruinam.

1028 2354 1103 2409 Vere.
1118 2355 1144 2408 l.
1161 2355 1210 2409 Cor
1226 2372 1308 2411 mettin
1324 2358 1501 2412 centuriatum
1514 2370 1550 2414 est
1566 2361 1592 2415 in
1605 2376 1660 2427 nte,
1681 2370 1704 2415 et
1716 2362 1771 2431 sor-

992 2448 1062 2500 nudo
1084 2449 1170 2501 retortis
1191 2450 1281 2502 cecidit
1302 2466 1377 2518 rupee
1391 2466 1438 2505 me.
1461 2451 1508 2505 llic
1528 2452 1624 2508 iterum
1643 2453 1776 2509 lrutuilitas

995 2539 1169 2593 ltutrtanitatis
1189 2541 1359 2608 expritnitur;
1382 2555 1442 2594 nom
1466 2543 1586 2610 qrtatrrris
1609 2540 1667 2615 lege
1687 2545 1776 2599 cantis

994 2631 1051 2698 ejus
1065 2630 1170 2683 animus
1183 2633 1343 2696 turbaretur,
1360 2632 1505 2688 diuinitatis
1525 2642 1612 2690 tamen
1632 2651 1687 2691 sure
1705 2653 1776 2705 pra·-

993 2721 1062 2775 sidio
1074 2721 1181 2776 dolores
1194 2724 1323 2790 corporis,
1337 2731 1519 2793 tormentaque
1530 2727 1661 2781 uincebat.
1673 2727 1738 2782 Nam
1751 2729 1775 2783 si

124 2808 327 2861 euxstttutus,
348 2798 433 2867 primu
448 2807 579 2852 euntatate
593 2798 707 2850 eaondirt'
722 2799 786 2865 petit
799 2798 942 2851 orationem

995 2816 1044 2868 bor
1056 2816 1082 2868 itr
1098 2817 1258 2886 martyribus
1274 2817 1319 2870 bet
1332 2817 1415 2870 virtus
1428 2827 1564 2885 operator,
1579 2832 1678 2887 quanto
1693 2820 1776 2890 magis

122 2896 245 2942 suoru.
260 2888 361 2942 Deinde
375 2889 487 2957 postulat
504 2903 537 2942 tte
549 2886 607 2956 ejus
618 2889 761 2958 deprecatio
775 2889 941 2955 despicietur.

994 2903 1021 2957 iu
1035 2904 1080 2957 illa
1093 2896 1291 2972 dispensatione
1305 2905 1461 2957 caruissem
1475 2912 1666 2960 tormentorum
1681 2922 1776 2962 sensus

123 2976 213 3036 δώ
228 2980 281 3035 ¹¹⁰ss
295 2991 379 3035 ¹⁰¹l¹¹⁰
398 2995 446 3050 Per
460 2980 525 3034 illud
540 2980 648 3045 difflui·
672 2979 744 3048 ‘1⁰⁰⁶
768 2980 848 3034 ¹¹⁰¹ll⁰
872 2979 944 3033 ⁰⁶³⁸
992 2994 1137 3050 nclrcmens
1151 3009 1204 3048 non
1220 3001 1324 3063 poterat
1345 2994 1497 3062 praevalere.
1517 2993 1637 3063 lnrpletit
1651 2997 1776 3065 patietulo

125 3082 219 3127 asse
231 3071 354 3144 d'gnatus
367 3082 418 3128 est.
436 3071 543 3126 Poterat
557 3073 628 3127 coito
642 3079 671 3128 et
683 3072 802 3126 emuniri
817 3072 902 3141 prius,
914 3082 942 3126 θῑ
955 3087 979 3150 c
993 3098 1084 3139 return
1100 3084 1248 3149 borninem3
1264 3084 1309 3140 sed
1326 3092 1354 3140 et
1374 3099 1420 3153 per
1431 3100 1460 3140 se
1473 3084 1604 3140 uincendo
1622 3088 1692 3152 talia,
1705 3086 1775 3143 idem
1872 3120 1881 3133 -

133 3171 251 3223 vostea
262 3161 368 3229 despici.
381 3161 459 3228 Quod
469 3161 559 3216 euertit
572 3162 612 3215 eis
624 3160 669 3227 nui
682 3161 774 3214 muudi
788 3160 863 3215 istius
875 3160 943 3214 bona
997 3177 1054 3244 1950
1075 3177 1155 3229 neum
1175 3190 1205 3230 ,θ
1224 3186 1284 3230 0530
1307 3175 1462 3230 depuravit,
1484 3175 1607 3243 pppjpp,
1627 3187 1650 3230 p
1668 3176 1777 3246 sommo

127 3250 362 3318 flsslmllfflt
388 3251 521 3321 ³⁰⁰5Pi⁰¹l²
545 3266 605 3321 ‹1¹¹ae
631 3261 783 3317 P¹l³⁰²¹¹¹¹¹lr
805 3259 833 3306 ⁸¹
857 3260 945 3305 limen
995 3267 1084 3320 mortis
1104 3268 1194 3320 cecidit
1214 3282 1289 3335 super
1310 3283 1359 3321 nte.
1384 3266 1437 3321 Stra
1456 3266 1513 3322 suis
1535 3277 1596 3335 apte
1618 3269 1776 3324 redduntur.

132 3351 252 3407 {oster
261 3342 463 3411 despiciuntur:
476 3343 538 3412 quia
548 3354 716 3411 nequaquam
725 3350 825 3395 aetertta
837 3341 945 3409 proma

130 3438 334 3507 quesierant.

193 3527 273 3583 Pers.
287 3525 315 3580 2.
340 3524 449 3581 intende
459 3525 486 3579 in
498 3540 538 3579 rne
556 3535 579 3579 ct
591 3524 686 3580 exaudi
698 3540 761 3580 rne:
782 3525 946 3579 contristetur

133 3630 215 3673 tu
229 3619 257 3673 in
272 3618 451 3673 nneitmiune
468 3633 534 3683 mec,
555 3627 580 3670 et
599 3615 844 3670 contrementium.
869 3617 947 3670 Prius

135 3718 202 3764 eu
226 3708 379 3774 intendere,
404 3707 502 3763 deinde
524 3721 616 3761 nocent
642 3705 815 3775 supplicantis
839 3706 946 3761 audire.

138 3794 246 3856 Rerum
258 3800 331 3854 enirn
348 3812 458 3872 avemus
476 3797 600 3865 extrudit3
615 3798 664 3854 sed
679 3799 723 3854 cui
736 3808 861 3868 aspectus
874 3809 948 3851 tran·

142 3892 262 3961 quibes
275 3890 442 3957 conceditur,
457 3890 508 3960 ipsi
526 3902 553 3946 et
571 3905 650 3945 aures
667 3888 854 3959 placidissime
868 3902 946 3943 com·

142 3981 322 4047 tendentum
344 3981 413 4037 sieut
432 3981 458 4036 in
472 3981 524 4037 alio
538 3981 642 4050 psalmo
655 3980 773 4035 dicitur:
797 3978 903 4049 despire
923 3986 947 4032 et

143 4075 258 4129 curtii
272 4091 323 4141 nte,
337 4073 446 4129 dentice
459 4073 528 4129 Deae
541 4090 611 4128 meus
626 4073 711 4144 (Ptol.
726 4086 776 4139 xtr,
788 4071 827 4142 4).
848 4070 948 4126 Deinde

146 4166 284 4220 reciditur
296 4180 376 4221 eausa
398 4164 524 4236 perlecto
538 4166 684 4219 orattonis:
700 4164 871 4219 Contristetur
890 4177 947 4217 sant

148 4257 198 4309 itt
207 4259 382 4313 concitatione
397 4274 461 4324 mea,
473 4267 496 4311 et
507 4257 670 4311 conturbetur
684 4269 749 4309 auro.
767 4253 949 4311 Pulclrereltue

156 4346 269 4403 nontin
284 4349 428 4405 salvatoris
440 4364 493 4403 uno
513 4362 637 4403 sermone
652 4347 713 4403 ritae
725 4362 820 4402 curtus
837 4347 948 4416 exponi·

995 3360 1169 3427 Consequens
1182 3359 1255 3413 eninr
1272 3368 1331 3413 crat
1345 3369 1372 3412 ut
1386 3358 1463 3429 cujus
1477 3374 1520 3412 cor
1533 3359 1709 3414 conturbatum
1720 3359 1779 3416 lue·

996 3459 1052 3515 rat,
1074 3465 1135 3504 eum
1155 3458 1182 3503 et
1200 3450 1310 3519 [ornrido
1330 3451 1417 3502 inertie
1437 3451 1582 3505 invaderet.
1607 3452 1779 3521 inspiciamus

996 3540 1067 3612 quod
1086 3541 1151 3595 dicit
1168 3541 1278 3610 formido
1298 3542 1385 3593 mortis
1403 3542 1493 3594 eccidit
1512 3557 1588 3611 rupee
1607 3558 1655 3594 nte.
1677 3541 1778 3596 lietera

996 3632 1101 3696 cendit,
1116 3633 1221 3700 quando
1235 3644 1315 3700 supra
1328 3645 1388 3685 eum
1404 3633 1488 3696 venit,
1508 3631 1622 3686 ulterius
1641 3646 1692 3685 non
1711 3631 1779 3685 rali-

997 3730 1055 3777 tura
1073 3721 1143 3790 quod
1162 3721 1256 3790 poluit.
1280 3722 1364 3776 blorte
1383 3720 1514 3790 siquidem
1533 3722 1638 3777 bomini
1658 3737 1778 3776 momen-

997 3822 1085 3880 tanea,
1101 3826 1172 3866 mors
1187 3820 1313 3880 perpetua
1328 3813 1396 3865 uicta
1412 3820 1463 3875 est,
1479 3827 1539 3882 que
1552 3813 1602 3867 sibi
1616 3813 1777 3867 dominamur

997 3905 1024 3958 ln
1039 3904 1155 3957 lturnanu
1169 3917 1267 3972 genere
1280 3902 1443 3968 vindicabam
1458 3903 1527 3957 sicut
1540 3904 1682 3971 Apostolus
1695 3904 1777 3959 dicit.

999 3994 1123 4064 dirorpiu
1138 4003 1176 4047 est
1189 4009 1256 4046 more
1270 3995 1296 4046 in
1311 3992 1417 4047 tictorie
1431 4002 1483 4046 tun.
1504 3992 1553 4048 tltt·
1567 4002 1613 4057 est,
1630 4009 1707 4058 nrors,
1719 4009 1781 4046 con·

997 4087 1076 4139 lentie
1092 4086 1155 4138 tatu?
1173 4082 1214 4136 tit
1227 4094 1281 4149 ert,
1301 4098 1386 4147 nrure,
1405 4082 1509 4137 tentent
1526 4080 1627 4152 tonali
1649 4080 1708 4138 Cor.
1731 4098 1780 4147 xv.

999 4177 1043 4240 5t,
1058 4177 1126 4245 bili

1036 4266 1111 4321 Ver-s.
1132 4265 1158 4319 5.
1180 4264 1268 4318 Timor
1287 4276 1311 4318 et
1334 4273 1428 4318 trenter
1444 4271 1563 4317 venerunt
1586 4277 1663 4331 rupee
1681 4278 1720 4317 me
1737 4277 1783 4317 :et

999 4366 1161 4412 cottteaerunt
1175 4372 1216 4410 ene
1231 4358 1348 4409 tenebere.
1367 4355 1458 4407 Exitus
1474 4352 1560 4407 nostri
1575 4368 1676 4407 murem
1691 4354 1783 4409 certis·

159 4448 225 4491 ⁸⁹¹·
244 4441 457 4495 Exercitationem
469 4441 567 4510 (1⁰le8
581 4441 704 4505 dicimus,
733 4456 792 4508 quse
815 4441 886 4495 ”⁰¹¹³
904 4454 948 4493 ¹⁰·
961 4450 989 4512 Ι)
1001 4450 1067 4504 ritrta
1080 4448 1241 4518 proprietate
1259 4445 1395 4500 describit.
1417 4445 1528 4498 blectent
1542 4443 1611 4497 enim
1625 4444 1696 4510 prins
1709 4442 1783 4498 tirne-

170 4529 308 4599 urluiotte,
330 4532 404 4587 nullo
418 4532 473 4586 otio
491 4531 668 4602 cortquiescit.
695 4531 744 4587 sed
768 4532 868 4587 intenta
890 4531 947 4602 jugi

172 4619 259 4678 labore
280 4623 307 4679 in
329 4624 434 4679 virtutis
453 4625 535 4694 gloria
557 4633 719 4692 perseuerat.
746 4624 947 4679 exercitabatur

184 4720 281 4783 luitque
290 4714 436 4781 miraculis,
446 4715 641 4769 exercitabatur
650 4715 789 4769 sartctitatc
801 4715 947 4769 doetrinae:

185 4798 225 4848 *nl
234 4803 423 4857 contristabatur
436 4817 468 4859 eu
483 4804 617 4868 oratione,
635 4804 696 4873 quia
711 4804 826 4858 fructum
838 4802 950 4872 justitiae

193 4887 264 4945 nerim
283 4909 336 4948 nou
363 4894 542 4959 probabantur
562 4893 674 4959 allerre;
697 4894 766 4949 sieut
788 4894 950 4962 crarrpelista

193 4968 255 5034 ltili:
273 4982 302 5038 Et
316 4983 488 5039 contristatus
500 4996 542 5039 est
556 5000 636 5053 super
650 4982 815 5051 Jerusalem,
836 4994 863 5041 et
876 4986 949 5041 derit

195 5056 250 5122 iile.
271 5089 331 5143 nx,
354 5075 411 5144 tt).
439 5075 462 5130 0
483 5075 630 5131 bouiuteut
657 5076 767 5144 piissimi
792 5074 950 5131 creatoris!

197 5158 250 5215 lire
260 5169 431 5222 ruminarent
444 5177 467 5222 et
482 5167 658 5221 conturbatum
672 5169 754 5235 dicat,
768 5170 839 5239 quod
855 5171 951 5237 proedi-

196 5247 316 5313 “bubus
334 5258 518 5314 saluberrimis
532 5258 656 5313 ubsuuati
672 5260 760 5328 populi
772 5259 881 5314 vesania
896 5275 950 5315 nun

197 5340 305 5404 “abbat

226 5422 316 5493 itini.
333 5440 355 5491 Α
368 5454 427 5492 tuce
440 5437 536 5492 inimici
550 5446 573 5491 et
586 5454 603 5491 n
616 5436 778 5490 tribulatione
790 5440 948 5508 paraturis:

199 5527 290 5585 “illue
308 5539 495 5595 deelinantem
515 5542 543 5595 in
564 5555 604 5594 nte
623 5538 795 5605 iniquitaten,
818 5541 841 5586 ct
862 5534 888 5585 in
911 5533 950 5586 ira

200 5620 275 5681 notan
288 5641 358 5687 erro
375 5632 448 5689 teiln.
473 5634 566 5689 erere
579 5633 690 5700 inimici,
712 5641 736 5688 et
755 5648 771 5687 tr
791 5630 953 5689 tribulatione

1002 4554 1076 4603 xnus,
1099 4536 1196 4591 deinde
1222 4534 1469 4599 curttretrtiscirrrus;
1502 4537 1562 4603 quia
1582 4536 1715 4602 separatio
1736 4539 1784 4589 lsta

1002 4645 1123 4700 corporo
1139 4631 1287 4696 atrinrrcnuc
1301 4628 1359 4680 sinc
1375 4625 1577 4680 conturbatione
1595 4625 1712 4678 maxima
1731 4641 1784 4680 nou

1003 4728 1091 4789 potest
1106 4721 1226 4775 evenire.
1241 4717 1380 4786 Sequitur,
1394 4726 1418 4768 et
1433 4724 1595 4768 contexerunt
1609 4730 1648 4767 nte
1666 4716 1784 4768 tenebre.

1004 4812 1105 4866 bieirria
1128 4811 1221 4864 tnortis
1243 4808 1412 4863 tenebrarunt
1436 4805 1615 4874 promittebat
1635 4811 1783 4872 aspectum,

1001 4904 1063 4973 quia
1083 4902 1236 4970 trequentcr
1254 4899 1299 4952 illa
1321 4898 1499 4966 ctrnsplrirrrus
1518 4897 1622 4961 animo,
1642 4894 1785 4963 dequibus

1002 5008 1051 5048 nox
1065 5002 1173 5048 rentura
1189 4991 1259 5046 solet
1270 4989 1428 5043 conturbare
1441 4988 1565 5042 formido.

1040 5087 1115 5142 ten.
1131 5090 1158 5141 tl.
1175 5084 1277 5138 Bidini
1292 5099 1301 5136 :
1318 5086 1380 5150 Quis
1399 5083 1469 5136 desiit
1483 5082 1546 5134 ntiiti
1557 5096 1652 5149 pennus
1665 5081 1729 5133 rieul
1743 5093 1785 5130 co·

1003 5177 1103 5241 ltrtttlne,
1117 5186 1140 5231 et
1160 5174 1250 5229 toleio
1268 5184 1291 5228 et
1304 5174 1474 5240 requiescum?
1488 5172 1551 5225 Post
1568 5169 1785 5225 conturbationes

1004 5269 1170 5331 ntorttterar,
1190 5274 1218 5320 et
1237 5263 1577 5343 uerissimelrutrtarritut'rs
1597 5261 1778 5330 indigentiam,

1003 5374 1114 5416 necessu
1127 5360 1176 5412 luit
1188 5357 1372 5412 liberationem
1388 5365 1525 5424 expetere,
1541 5367 1619 5423 quarn
1635 5352 1687 5406 sibi
1702 5365 1784 5405 norc-

1004 5460 1045 5504 rat
1058 5449 1255 5503 conferendam.
1269 5448 1396 5500 biterrim
1413 5463 1419 5497 :
1436 5444 1500 5510 Quin
1514 5444 1583 5496 debit
1598 5443 1670 5506 nrilri,
1685 5443 1785 5497 scilicet

1003 5540 1054 5601 itisi
1068 5552 1106 5607 tu,
1122 5544 1209 5605 l’aler,
1225 5542 1269 5610 nui
1291 5544 1433 5594 lrumanatn
1450 5547 1570 5591 naturam
1585 5538 1713 5606 usquead
1728 5552 1784 5591 cm·

1005 5638 1089 5692 lorum
1106 5648 1184 5704 regua
1200 5632 1363 5701 perducens,
1379 5631 1411 5685 ad
1431 5636 1504 5683 luam
1517 5633 1654 5688 dexteram
1671 5630 1784 5689 collina.
