3802 6120
122 329 176 386 tos
407 386 410 394 Δ
735 317 769 372 Μ.
790 311 926 371 nunuttt
944 307 1143 369 ctsstounttl
1651 332 1654 337 -
1699 297 1761 354 tbi·

127 440 320 498 mutationibus
332 450 400 506 aqna
418 432 572 503 petebatur,
584 445 643 502 quse
654 431 694 486 sic
706 428 823 484 noscitur
834 437 916 494 crpc·
928 424 954 484 Α
967 436 1020 477 non
1036 425 1177 492 parcerent
1190 430 1238 489 pre
1251 415 1348 488 quibus
1361 414 1395 486 pii
1408 422 1531 486 purentcs
1545 412 1625 470 etiam
1640 412 1753 470 interlici

127 534 187 592 tite,
209 539 238 584 ut
251 526 422 582 contradictio
442 521 526 593 magis
539 520 675 575 rideretur
693 529 846 585 essequam
868 527 916 582 po·
967 527 1020 569 non
1035 519 1168 568 recusant.

125 619 241 675 stulstio.
259 615 295 670 lbi
314 614 386 669 enim
406 611 521 681 lloyses,
540 609 609 665 sieut
625 608 652 662 in
667 605 735 660 libre
752 604 846 673 iegitur
859 600 915 655 liu·
1003 603 1079 659 Vers.
1092 605 1136 660 36.
1154 602 1223 669 Quas
1237 598 1441 668 sacrificaverunt
1451 598 1609 667 sculptilibus
1619 595 1753 656 chanaan,

125 725 259 768 merorum
274 707 347 777 (Gap.
363 723 407 772 ss,
426 705 482 772 illl,
498 704 579 759 nimia
595 702 698 759 iudaiei
714 700 802 770 populi
816 699 916 767 impor-
1001 693 1077 749 vers.
1092 693 1138 748 57.
1153 691 1187 746 Et
1200 691 1332 762 interiecta
1345 698 1383 745 est
1398 700 1466 744 rerru
1480 689 1506 742 in
1532 689 1717 761 cunquinibss,
1730 699 1755 744 ct

126 804 239 859 lumitate
253 814 410 864 succensus,
428 797 582 853 diffidenter
594 793 733 864 excrepuit
742 792 834 846 dicens
846 807 853 844 :
865 791 918 843 du·
966 785 1138 840 contaminata
1151 791 1189 838 est
1210 783 1237 837 in
1251 781 1369 854 operibns
1385 795 1492 840 eorum,¹
1516 789 1539 833 et
1552 780 1669 849 fornicari
1694 787 1762 833 srsrrt¹

126 894 179 949 dite
198 908 248 959 me,
264 890 371 945 rebelles
384 899 408 944 et
422 887 572 942 increduli:
586 902 647 940 num
659 886 690 939 de
703 893 774 952 petra
788 882 836 934 irae
845 880 918 935 uobis
964 879 994 931 in
1017 873 1234 932 accurationibus
1257 874 1321 929 suis.
1335 871 1430 928 billinc
1451 871 1479 927 in
1494 871 1550 941 ipsa
1564 873 1657 928 auxesi
1670 872 1699 927 in
1714 872 1757 928 his

128 982 375 1052 aquanspoterimus
389 978 502 1050 ejicere?
515 976 574 1045 Quo
593 990 718 1030 sermone
738 983 765 1030 et
780 974 836 1042 ipsc
850 985 917 1041 quo·
968 966 1072 1022 duobus
1095 964 1218 1020 rensibus
1242 972 1411 1034 perseveram
1432 961 1502 1032 quod
1526 960 1637 1018 schema
1662 960 1757 1022 Graece

128 1088 182 1143 que
201 1071 334 1142 peccaris,
348 1070 392 1140 qui
419 1068 473 1138 jam
490 1067 573 1123 tantis
591 1066 728 1138 miraculis
748 1061 918 1132 praeacceptis
969 1061 1068 1116 dicitur
1093 1060 1202 1128 elimas,
1226 1056 1320 1113 Latine
1342 1055 1475 1127 gradatio,
1498 1057 1560 1126 quia
1585 1070 1634 1125 per
1656 1056 1757 1127 gradus

129 1180 182 1218 non
210 1161 325 1218 credidit
352 1158 496 1215 Dominum
527 1173 587 1229 que
610 1157 674 1212 lecit
697 1168 758 1212 esse
776 1153 918 1208 iacturum.
971 1151 1114 1222 qrrasdam,
1131 1151 1188 1205 sire
1201 1150 1227 1205 in
1240 1147 1329 1215 laude,
1340 1148 1398 1204 sire
1412 1148 1439 1202 in
1452 1147 1648 1218 uituperatione
1660 1164 1758 1206 sensus

127 1253 205 1322 (tund
219 1253 321 1309 dictum
334 1250 410 1305 latiis
423 1251 507 1306 suisa
531 1250 622 1319 priore
640 1245 789 1304 constantia
810 1243 919 1299 omnine
971 1253 1064 1299 noster
1078 1241 1216 1308 ascendit;
1232 1255 1311 1310 quam
1322 1239 1559 1311 proximequidem
1570 1241 1698 1308 diximus,
1708 1245 1757 1301 sed

130 1346 250 1401 distinrit
263 1352 343 1414 atque
356 1343 503 1414 separarit,
515 1343 623 1413 quando
635 1339 705 1396 istud
716 1337 839 1408 ambigue
847 1327 922 1392 locu·
972 1348 1026 1390 non
1038 1333 1111 1405 piget
1121 1333 1277 1402 trequentes
1291 1338 1414 1401 repetere
1430 1330 1502 1401 quod
1530 1331 1676 1387 auctoritas
1701 1333 1758 1404 ipsa

130 1447 172 1490 tus
206 1441 279 1502 est„
297 1432 361 1488 dum
398 1432 446 1487 illa
478 1431 628 1487 certissima
665 1429 718 1484 ilde
741 1427 919 1498 promisisset.
971 1422 1494 1495 cognoscituriterurc.thuiadirerst
1508 1423 1760 1494 filiorumfilinruns-

130 1524 207 1593 Quod
223 1524 365 1580 locutionis
381 1536 467 1592 renos
491 1521 638 1591 scripturae
660 1518 757 1574 divinas
783 1515 921 1588 proprium
971 1534 1020 1589 que
1033 1518 1184 1587 sanquinem
1201 1517 1298 1585 susunr,
1312 1514 1398 1571 adbuc
1412 1515 1511 1571 crescit
1536 1515 1645 1582 invidia,
1671 1518 1760 1574 adbuc

131 1627 192 1670 csse
203 1613 329 1680 dicimus,
343 1609 450 1684 quando
464 1610 516 1667 lroc
531 1624 580 1666 nec
595 1610 692 1665 litterce
706 1607 859 1674 saeculares,
872 1621 922 1663 nce
972 1608 1122 1678 grandescit
1138 1607 1236 1674 scelus,
1251 1606 1360 1677 qnando
1373 1606 1417 1664 ilia
1433 1607 1598 1662 monimenta
1620 1608 1761 1666 charitatis

131 1703 281 1761 communis
307 1718 370 1760 usus
396 1711 515 1760 exercet.
529 1700 577 1757 iiic
589 1708 677 1757 autern
694 1700 810 1772 Moyses,
823 1699 922 1754 sancti·
974 1698 1115 1756 horrendis
1129 1697 1298 1768 sculptilibus
1311 1697 1458 1754 saeriitcrta
1470 1706 1662 1754 memorantur.
1675 1699 1761 1755 iater-

136 1804 191 1850 tste
202 1801 319 1862 serrata,
334 1780 385 1848 bae
398 1801 500 1848 tantum
514 1791 611 1848 meruit
625 1791 727 1846 ultione
748 1790 867 1862 percelli,
886 1803 921 1846 ne
935 1782 959 1844 Β
971 1791 1063 1860 sectam
1077 1789 1157 1860 iqiurr
1170 1798 1263 1843 terram
1283 1788 1406 1844 erudcles
1427 1788 1549 1843 homiues
1572 1789 1702 1846 debemus
1716 1806 1762 1848 ac-

133 1886 162 1940 iu
177 1893 276 1940 terram
291 1883 417 1939 introiret
429 1882 627 1952 promissionis,
639 1881 727 1952 quide
741 1881 853 1937 Domino
868 1895 924 1935 ma·
974 1881 1075 1952 cipere,
1088 1879 1133 1950 qui
1149 1893 1179 1935 se
1192 1880 1276 1949 magis
1301 1879 1391 1950 iniqua
1406 1878 1548 1936 deuotione
1572 1880 1761 1948 trucidarunt;

134 1992 185 2049 gna
199 1976 359 2047 promittere
373 1991 425 2032 nnn
444 1978 625 2047 presumpsit.
650 1975 715 2030 Nam
743 1984 804 2045 post
821 1975 923 2031 obitum
974 1968 1243 2027 interficiendeenim
1266 1968 1335 2024 lilius
1356 1981 1430 2037 suos,
1454 1978 1507 2024 tarn
1530 1970 1633 2026 siclarin
1660 1972 1763 2027 scelere

13 2087 19 2095 ·
136 2068 194 2136 ejus
205 2083 266 2123 cum
281 2067 314 2122 ad
328 2066 418 2123 iesum
438 2065 510 2122 Nure
525 2066 678 2136 loqueretur
694 2064 820 2120 Dominus
835 2064 923 2120 dixit:
977 2072 1103 2134 parentes
1115 2062 1201 2133 potius
1227 2060 1385 2117 ridebantur
1405 2062 1549 2130 exstingui.
1564 2060 1676 2132 Tropina
1691 2063 1763 2118 enim

133 2154 285 2227 Coniectare
296 2157 383 2227 iqitur,
400 2164 423 2209 et
435 2154 707 2217 commurmuratus,
721 2163 748 2207 ut
760 2155 889 2209 custodias
900 2164 925 2210 et
976 2153 1109 2209 locutione
1119 2151 1235 2222 positum
1253 2161 1295 2206 est
1309 2147 1471 2221 interiectam
1491 2160 1597 2220 terram,
1621 2152 1685 2207 durn
1709 2160 1764 2208 ter-

134 2245 216 2315 [ociss
230 2262 331 2301 ornnem
345 2244 425 2317 quenr
438 2261 515 2312 quam
526 2243 646 2316 praecepit
661 2244 707 2298 tibi
719 2242 823 2314 linques
840 2260 926 2300 seruus
977 2244 1035 2300 reni
1049 2243 1172 2298 hemines
1185 2242 1307 2297 dicantur
1327 2243 1403 2297 malis
1424 2242 1575 2298 actionibus
1599 2244 1763 2311 interempti.

135 2355 208 2395 meus
221 2339 291 2409 (ios.
312 2355 333 2404 r,
346 2338 385 2410 7).
402 2338 522 2394 Dicendo
535 2338 604 2394 enim
618 2351 705 2392 sersus
720 2337 926 2407 menecratum
978 2334 1108 2406 Exposuit
1126 2334 1198 2390 enirn
1226 2333 1450 2402 quemadmodum
1473 2334 1634 2405 intersertam
1660 2334 1761 2390 dixerit

135 2430 162 2486 in
177 2444 212 2486 en
224 2432 356 2486 mansisse
366 2444 422 2486 suae
436 2429 543 2500 pietatis
556 2429 682 2486 ostendit.
977 2434 1142 2481 terraneam
1161 2423 1282 2480 carnales
1296 2435 1322 2480 et
1344 2425 1499 2496 insipientes
1520 2426 1637 2495 pessima
1663 2426 1765 2482 luerint

172 2518 247 2574 Vere.
264 2519 308 2575 32.
330 2517 391 2574 Non
405 2519 613 2588 disperdiderunt
630 2530 718 2592 qentes
738 2536 803 2591 quas
825 2522 926 2576 dixerat
977 2518 1083 2573 actione
1097 2517 1224 2574 demersi.
1243 2515 1307 2571 Nam
1324 2516 1363 2572 illi
1386 2515 1505 2585 fornicati
1519 2516 1645 2572 ridentur
1668 2517 1694 2572 in
1712 2517 1765 2572 Dn

135 2607 212 2684 [mss.
226 2612 271 2676 tt,
284 2610 327 2677 D.,
347 2609 422 2682 dicit]
438 2609 566 2668 Dominus
579 2611 642 2667 illis.
980 2607 1062 2674 nrino,
1078 2607 1123 2678 qui
1137 2621 1166 2663 sc
1178 2606 1335 2662 adulterinis
1348 2607 1580 2676 superstitionibus
1600 2606 1763 2677 polluerunt.

171 2699 248 2757 Vere.
263 2700 309 2757 35.
328 2698 363 2754 Et
378 2700 508 2755 commisti
518 2709 578 2755 sunt
591 2701 764 2774 interpentes,
788 2712 811 2758 et
831 2703 928 2757 dtdlcr·
1015 2698 1091 2756 Vers.
1107 2696 1152 2754 58.
1170 2697 1202 2752 tu
1213 2699 1293 2752 iratus
1318 2705 1354 2752 est
1373 2698 1459 2752 anima
1474 2696 1598 2753 Dominus
1616 2700 1644 2752 irs
1667 2697 1765 2769 populo

83 2784 85 2788 ’
135 2800 195 2848 rant
210 2808 287 2863 opera
301 2807 407 2860 eorum,
429 2799 453 2847 et
465 2792 606 2846 sernierunr
618 2793 776 2864 sculptilibus
790 2808 887 2862 eorum,
902 2800 927 2847 et
977 2805 1035 2856 srrc,
1048 2799 1071 2844 rt
1085 2788 1245 2844 abominatus
1256 2798 1293 2843 est
1307 2788 1482 2843 hereditatem
1494 2804 1578 2842 suam.

135 2885 232 2956 iactum
251 2893 287 2938 est
304 2883 358 2939 illis
379 2884 407 2938 in
421 2882 581 2938 scandalum.
597 2881 735 2954 Tanquam
751 2899 843 2956 parom
859 2882 927 2957 [ed.,
1013 2879 1149 2937 versili.
1166 2879 1200 2933 lit
1212 2878 1318 2934 tradidit
1329 2895 1371 2934 ens
1386 2879 1413 2934 in
1426 2895 1516 2933 monus
1532 2880 1657 2949 qratiam,
1675 2889 1698 2935 et
1715 2880 1766 2936 do-

136 2976 262 3048 psruuml
276 2975 370 3032 luisset
390 2973 461 3047 quod
477 2983 635 3047 peccaverat
656 2975 683 3031 in
694 2974 802 3031 deserto
815 2974 927 3047 populus
977 2973 1068 3027 mitrati
1081 2980 1141 3028 sunt
1154 2987 1243 3026 eorum
1255 2971 1297 3041 qui
1312 2970 1420 3025 oderunt
1434 2986 1485 3025 ecs.

136 3064 326 3134 llebrnornm,
344 3066 384 3120 sic
406 3072 547 3135 postquam
568 3073 653 3121 terras
675 3066 859 3136 promissionis
882 3065 925 3120 ln·
1012 3067 1090 3125 llere.
1112 3067 1158 3124 tt.
1181 3063 1215 3121 iit
1234 3067 1418 3121 tritulauerunt
1436 3082 1479 3121 cos
1502 3066 1598 3120 inimici
1613 3082 1720 3133 eorum,
1743 3079 1769 3124 et

137 3155 229 3222 travit,
241 3154 340 3212 oblitus
351 3155 459 3211 Domini
473 3153 669 3223 mandatorum,
689 3171 749 3212 cum
763 3156 820 3212 illis
830 3170 860 3213 se
869 3171 926 3211 ma·
939 3140 962 3203 C
977 3159 1104 3216 humiliati
1116 3167 1175 3214 sunt
1185 3157 1230 3213 sni
1245 3156 1359 3212 manibus
1369 3172 1466 3212 rarum.
1480 3155 1537 3212 linc
1548 3171 1653 3227 quoqne
1662 3157 1769 3227 tropica

137 3247 178 3316 qis
191 3246 315 3317 gentibus
331 3245 409 3301 retita
428 3245 560 3302 societate
574 3246 724 3316 conJunrit,
739 3260 806 3317 quas
820 3254 928 3318 propter
980 3249 1113 3304 locutione
1125 3248 1224 3302 dictum
1237 3254 1295 3311 est;
1307 3246 1368 3316 quis
1385 3245 1551 3316 perturbatio
1565 3245 1648 3300 animi
1668 3247 1770 3304 radere

138 3335 268 3392 idolorum
283 3335 402 3390 culturas
415 3335 455 3390 eis
468 3334 554 3389 luerat
568 3335 661 3391 delere
676 3344 839 3406 preceptora
851 3354 858 3391 c
872 3336 923 3392 ad·
982 3353 1035 3394 non
1050 3337 1178 3408 probatur
1192 3337 1218 3392 in
1241 3336 1392 3404 Dominum,
1409 3337 1457 3392 sed
1471 3336 1598 3393 rindictre
1617 3337 1676 3408 ejus
1693 3341 1770 3396 exel-

139 3427 234 3483 dentes
248 3426 348 3482 matum
362 3425 510 3481 sceleribus
522 3427 590 3492 suls,
614 3435 688 3482 urse
709 3443 802 3483 eorum
823 3443 929 3500 quoquc
980 3436 1035 3482 tata
1061 3426 1191 3497 potentia,
1217 3425 1331 3481 bumana
1353 3426 1546 3482 consuetudine
1567 3425 1605 3481 irs
1623 3426 1768 3483 vocitmur.

138 3517 327 3588 superstitione
342 3518 514 3587 polluerent;
529 3520 651 3587 {acmqm
661 3517 714 3572 iltis
726 3529 764 3573 est
777 3519 930 3574 mandalum
980 3517 1034 3575 Scd
1048 3518 1112 3589 quid
1126 3517 1189 3574 iecit
1199 3517 1283 3574 iratus
1295 3517 1307 3572 l
1320 3520 1438 3575 eversus
1450 3527 1492 3574 est
1504 3519 1538 3574 ab
1553 3519 1611 3586 illis,
1625 3521 1697 3590 quod
1711 3536 1771 3577 uss·

139 3610 207 3682 led,
221 3612 248 3665 in
269 3607 430 3682 mandalum]
443 3609 662 3679 repromissionis
671 3617 753 3677 terra,
770 3625 830 3682 qua
845 3612 932 3668 iuerat
982 3607 1066 3663 lorum
1082 3608 1201 3663 omnium
1215 3616 1320 3664 constat
1334 3616 1495 3664 extremum.
1518 3608 1563 3664 Sic
1581 3611 1689 3679 qnando
1702 3611 1770 3666 illuri

139 3700 167 3755 in
191 3713 316 3771 magnum
332 3700 488 3770 prenrinm,
503 3697 617 3754 Dormm
632 3698 775 3770 largiente.
791 3714 929 3756 concesse.
982 3698 1053 3770 quod
1068 3699 1188 3754 continet
1200 3698 1367 3766 subducitur,
1381 3712 1492 3755 necesse
1510 3707 1551 3755 est
1562 3710 1591 3754 ut
1603 3715 1695 3757 earum
1709 3718 1772 3774 qun

83 3845 88 3857 ,
141 3786 281 3843 liiserrimi
295 3787 444 3854 bominum,
459 3787 505 3856 qui
519 3787 566 3843 Dei
583 3802 680 3843 munus
704 3788 730 3842 in
747 3798 856 3859 peccata
871 3806 932 3847 rer·
981 3792 1152 3848 continentur
1167 3805 1257 3846 rerum
1272 3792 1346 3846 ruina
1363 3791 1482 3860 protinus
1499 3801 1685 3863 consequatur.
1703 3793 1771 3849 Tra-

141 3885 248 3944 terunt,
264 3885 294 3932 ut
308 3875 379 3946 qaod
393 3876 439 3932 ille
452 3875 598 3934 deuexerat
611 3876 644 3932 sd
658 3878 782 3949 qratiam,
798 3879 931 3937 exceden-
982 3883 1030 3939 diti
1053 3893 1115 3939 sunt
1140 3883 1210 3938 enim
1236 3883 1381 3953 opprobrio
1408 3883 1563 3952 seruitutis,
1593 3885 1639 3954 qui
1658 3886 1770 3956 gloriari

142 3969 213 4026 tibus
228 3971 304 4026 ieret
315 3969 348 4024 ad
361 3969 477 4025 ruinam.
498 3969 543 4026 Sic
553 3984 696 4026 monemur
708 3979 782 4027 recte
795 3971 832 4027 uti
847 3971 931 4029 bene·
983 3974 1142 4031 ridebantur
1152 3974 1178 4030 in
1190 3973 1279 4029 idolis.
1292 3974 1426 4044 Sequitur,
1438 3982 1462 4029 et
1475 3975 1600 4030 dominati
1609 3985 1668 4030 sunt
1679 3992 1772 4031 eorsum

142 4061 309 4119 liciisdirina
322 4059 445 4132 largitate
451 4062 588 4117 concessis
602 4076 610 4116 :
625 4075 659 4117 ne
675 4064 759 4134 magis
772 4063 934 4134 inteperee·
984 4068 1046 4141 [ms.
1059 4067 1092 4123 G.
1106 4075 1133 4123 et
1142 4066 1198 4133 ed,
1212 4063 1258 4136 eis]
1273 4066 1316 4135 qui
1329 4068 1436 4121 nunant
1455 4082 1508 4121 ros.
1534 4066 1660 4135 Quamvis
1683 4067 1773 4123 omnis

142 4169 213 4222 mus,
226 4155 298 4211 unde
311 4152 442 4211 sublevati
454 4153 539 4210 luisse
551 4153 750 4224 cognoscimur.
772 4155 931 4212 scandatum
984 4159 1137 4216 donnicatas
1156 4158 1262 4231 gentilis
1279 4157 1400 4214 rideatur
1411 4171 1472 4213 esse
1489 4158 1706 4224 molestissimus,
1722 4159 1774 4214 nd·

144 4244 268 4301 Graecum
300 4258 397 4300 nomen
426 4253 486 4310 est,
512 4241 667 4314 significans
695 4244 844 4314 sinistrum,
863 4246 934 4316 quod
988 4250 1066 4318 didit,
1080 4250 1125 4321 pai
1139 4250 1246 4304 edaurrt
1261 4257 1362 4315 ecs,ut
1375 4250 1481 4317 qrarius
1498 4257 1569 4305 esset
1581 4263 1641 4305 cum
1658 4250 1775 4307 serviret

145 4344 249 4392 mentes
263 4350 358 4392 eorum
370 4335 399 4390 ln
412 4334 507 4390 leram
522 4343 625 4406 partem
645 4351 772 4406 peruersa
786 4336 935 4394 imitatione
986 4340 1103 4398 intenso.
1115 4339 1201 4395 Nullis
1217 4340 1289 4394 enim
1304 4339 1442 4410 obsequiis
1455 4339 1523 4398 talis.
1529 4338 1658 4396 Dominus
1672 4340 1773 4409 placari

144 4427 264 4482 deduxit.
987 4437 1093 4501 potest:
1109 4444 1171 4485 uam
1184 4429 1228 4499 qul
1243 4442 1350 4498 semper
1359 4428 1427 4495 odit,
1442 4441 1550 4498 semper
1563 4429 1646 4483 iratus
1658 4439 1710 4483 est.
1724 4429 1775 4484 De-

182 4512 265 4586 364
279 4512 358 4570 Vere.
373 4513 419 4571 bl.
436 4512 470 4569 Dr
480 4512 675 4569 immolauerunt
695 4514 765 4585 filios
778 4533 848 4584 suos,
865 4527 890 4573 et
902 4519 936 4590 ps
950 4507 975 4568 Ι)
989 4522 1069 4592 nique
1079 4520 1139 4575 ride
1149 4519 1212 4590 quid
1223 4519 1352 4588 seqnitur,
1373 4527 1396 4575 et
1415 4518 1599 4574 tribulaverunt
1617 4534 1662 4574 eor
1678 4519 1776 4574 inimici

145 4606 195 4660 lios
209 4622 268 4661 suus
283 4607 425 4662 daemoniis.
988 4626 1089 4679 eorum,
1108 4620 1132 4666 et
1149 4607 1278 4664 humiliati
1302 4618 1362 4664 sunt
1383 4608 1430 4663 sui
1450 4609 1567 4664 monibus
1581 4625 1677 4665 enrsrm
1702 4609 1777 4665 Telis

181 4695 259 4753 Vere.
275 4695 319 4753 35.
335 4697 371 4753 Et
383 4695 860 4770 effuderuntsnnquineminnocentem,
875 4718 936 4758 scn-
989 4717 1053 4774 erqo
1066 4701 1220 4756 vicissitudo
1230 4700 1368 4771 recipitur,
1384 4711 1413 4755 ut
1426 4701 1470 4771 qui
1481 4702 1581 4755 amanti
1597 4700 1778 4758 Dominoser-

146 4789 249 4859 quinem
262 4789 374 4858 fitiorum
386 4804 492 4846 ssorum
504 4798 529 4843 et
543 4788 669 4859 pillarum.
683 4789 809 4857 Quamuis
823 4792 851 4847 in
864 4792 937 4849 Scri·
989 4794 1047 4851 rire
1061 4794 1214 4860 noluerunt,
1226 4792 1382 4850 odientibus
1393 4792 1507 4850 inimicis
1519 4791 1701 4864 iustoiudicio
1714 4807 1778 4864 prn-

147 4882 232 4951 pturis
246 4880 345 4937 divinis
359 4881 473 4937 cliusum
485 4882 643 4951 marsinam
665 4881 809 4937 bumanom
833 4884 868 4939 ab
881 4884 936 4941 lle·
989 4889 1116 4946 barentur
1125 4903 1186 4946 esse
1196 4888 1319 4957 subjecti.

148 4970 229 5025 bruis
243 4970 326 5039 quiin
340 4979 439 5027 terram
454 4969 671 5040 repromissionis
689 4971 801 5044 ingressi
818 4984 892 5042 sunt,
908 4975 936 5032 in
1023 4980 1102 5037 Vens.
1117 4981 1165 5036 li.
1181 4980 1256 5050 Saus
1273 4980 1385 5036 libuerit
1400 4997 1453 5036 eos.
1472 4979 1530 5050 ipsi
1541 4987 1626 5034 autem
1640 4978 1779 5034 messis·

146 5059 287 5116 sacriliciis
300 5060 453 5116 daemonum
475 5073 529 5115 uon
556 5061 677 5132 legatur,
703 5071 791 5118 tamen
808 5063 843 5120 ab
857 5070 937 5123 etate
987 5080 1142 5126 nerunteum
1153 5071 1366 5138 mormiliorum
1380 5080 1404 5125 et
1420 5069 1619 5125 bumiliatisrsnt
1640 5069 1668 5123 in
1685 5068 1780 5140 iniqui·

148 5154 271 5223 sequenti
290 5153 343 5209 boe
357 5152 413 5208 iteri
428 5152 548 5224 potuisse
562 5167 616 5207 nnn
636 5151 747 5208 dubium
762 5163 815 5219 est,
830 5157 936 5227 quando
988 5159 1082 5215 taribus
1093 5160 1155 5214 suis.

146 5251 175 5298 et
188 5258 308 5314 presens
329 5242 464 5314 Scriptura
480 5240 561 5297 luder
585 5240 712 5311 probatur
728 5256 788 5299 esse
803 5245 933 5302 veritatis.
1025 5248 1101 5304 Vers.
1122 5248 1168 5304 ii.
1190 5247 1224 5303 Dr
1242 5251 1353 5323 respeait
1372 5267 1415 5308 eos
1428 5267 1488 5307 csrrr
1507 5251 1707 5318 tribularentur,
1722 5267 1781 5306 csnr

148 5333 183 5392 Et
198 5335 299 5406 inspice
312 5333 537 5405 quemadmodum
552 5331 642 5388 serrat
666 5333 799 5391 relatione
821 5351 936 5407 peccsn·
989 5337 1124 5392 exaudiret
1141 5339 1281 5394 oraticnem
1295 5355 1393 5394 eorum.
1410 5340 1513 5412 Duplici
1528 5340 1608 5396 mode
1619 5341 1663 5396 bic
1675 5341 1781 5396 miseri-

149 5428 215 5483 tium
229 5436 406 5500 exequeretur
420 5423 557 5494 iniqnitas.
572 5422 663 5479 Primo
675 5424 747 5480 enim
759 5426 845 5483 distr:
860 5426 938 5497 Eliu-
989 5428 1080 5483 cordia
1097 5427 1247 5484 Dirinitatis
1263 5429 1330 5503 [rd.,
1342 5429 1460 5503 Domini}
1473 5432 1625 5502 exponitur.
1646 5430 1781 5488 Praemisit

152 5519 245 5575 dnum
255 5522 407 5591 sanquinem
426 5517 584 5572 innocentem
593 5531 604 5583 ,·
618 5525 645 5572 ct
664 5532 699 5573 ne
720 5527 879 5589 putarentur
892 5536 939 5577 es·
990 5517 1131 5585 benellcia,
1147 5527 1177 5574 et
1191 5519 1305 5574 bumana
1320 5537 1373 5575 non
1388 5523 1505 5579 cessarit
1525 5523 1671 5594 iniquitss;
1692 5522 1781 5578 intulit

151 5611 248 5676 tranei,
261 5611 375 5678 eddidit,
389 5610 505 5680 fitiorum
518 5624 623 5664 snorum
638 5618 663 5663 ct
684 5610 809 5680 tiliarum,
823 5628 937 5682 quorsum
990 5610 1145 5675 uindictam,
1162 5621 1187 5666 ct
1202 5611 1308 5668 sillictis
1322 5613 1416 5668 iterum
1431 5612 1537 5685 dignata
1553 5624 1595 5669 cst
1613 5614 1780 5670 donerecle·

146 5698 260 5756 salrrsin
270 5701 386 5758 bumana
398 5699 604 5758 concursatione
615 5700 768 5757 dulcissima
784 5710 834 5762 est,
846 5712 873 5756 ut
887 5703 938 5757 illis
992 5702 1138 5766 merrtiaur;
1156 5712 1184 5757 nt
1198 5703 1376 5773 intelligamus
1387 5703 1472 5775 ipsum
1486 5712 1513 5761 ct
1526 5703 1594 5760 bona
1606 5704 1779 5775 precurrere,
