<?xml version="1.0" encoding="UTF-8"?>
<!DOCTYPE html PUBLIC "-//W3C//DTD XHTML 1.0 Transitional//EN"
    "http://www.w3.org/TR/xhtml1/DTD/xhtml1-transitional.dtd">
<html xmlns="http://www.w3.org/1999/xhtml" xml:lang="en" lang="en">
 <head>
  <title>
</title>
<meta http-equiv="Content-Type" content="text/html;charset=utf-8" />
  <meta name='ocr-system' content='tesseract 3.04.00' />
  <meta name='ocr-capabilities' content='ocr_page ocr_carea ocr_par ocr_line ocrx_word'/>
</head>
<body>
  <div class='ocr_page' id='page_1' title='image "./patrologiaecurs27goog_0530.png"; bbox 0 0 3794 6128; ppageno 0'>
   <div class='ocr_carea' id='block_1_1' title="bbox 134 318 202 378">
    <p class='ocr_par' dir='ltr' id='par_1_1' title="bbox 134 318 202 378">
     <span class='ocr_line' id='line_1_1' title="bbox 134 318 202 378; baseline 0.118 -8"><span class='ocrx_word' id='word_1_1' title='bbox 134 318 202 378; x_wconf 69' lang='lat' dir='ltr'>tea-t</span> 
     </span>
    </p>
   </div>
   <div class='ocr_carea' id='block_1_2' title="bbox 576 324 1308 387">
    <p class='ocr_par' dir='ltr' id='par_1_2' title="bbox 576 324 1308 387">
     <span class='ocr_line' id='line_1_2' title="bbox 576 324 1308 387; baseline 0.008 -9"><span class='ocrx_word' id='word_1_2' title='bbox 576 324 757 382; x_wconf 69' lang='lat' dir='ltr'>arrestata</span> <span class='ocrx_word' id='word_1_3' title='bbox 777 326 808 382; x_wconf 82' lang='lat' dir='ltr'>tt</span> <span class='ocrx_word' id='word_1_4' title='bbox 830 328 1057 386; x_wconf 78' lang='lat' dir='ltr'>esattettttttt.</span> <span class='ocrx_word' id='word_1_5' title='bbox 1079 331 1174 385; x_wconf 76' lang='lat' dir='ltr'>usti..</span> <span class='ocrx_word' id='word_1_6' title='bbox 1195 331 1308 387; x_wconf 78' lang='lat' dir='ltr'>exult.</span> 
     </span>
    </p>
   </div>
   <div class='ocr_carea' id='block_1_3' title="bbox 1690 347 1759 402">
    <p class='ocr_par' dir='ltr' id='par_1_3' title="bbox 1690 347 1759 402">
     <span class='ocr_line' id='line_1_3' title="bbox 1690 347 1759 402; baseline -0.014 0"><span class='ocrx_word' id='word_1_7' title='bbox 1690 347 1759 402; x_wconf 70' lang='lat'>{026</span> 
     </span>
    </p>
   </div>
   <div class='ocr_carea' id='block_1_4' title="bbox 115 433 1759 528">
    <p class='ocr_par' dir='ltr' id='par_1_4' title="bbox 115 433 1759 528">
     <span class='ocr_line' id='line_1_4' title="bbox 115 433 1759 528; baseline 0.018 -43"><span class='ocrx_word' id='word_1_8' title='bbox 115 433 281 502; x_wconf 78' lang='lat' dir='ltr'>·argrrrncrrti</span> <span class='ocrx_word' id='word_1_9' title='bbox 298 433 402 502; x_wconf 85' lang='lat' dir='ltr'>locum,</span> <span class='ocrx_word' id='word_1_10' title='bbox 425 435 468 504; x_wconf 87' lang='lat' dir='ltr'>qui</span> <span class='ocrx_word' id='word_1_11' title='bbox 487 435 636 504; x_wconf 86' lang='lat' dir='ltr'>appellatur</span> <span class='ocrx_word' id='word_1_12' title='bbox 650 451 665 489; x_wconf 83' lang='lat' dir='ltr'>a</span> <span class='ocrx_word' id='word_1_13' title='bbox 681 440 818 505; x_wconf 86' lang='lat' dir='ltr'>potentin,</span> <span class='ocrx_word' id='word_1_14' title='bbox 840 453 919 507; x_wconf 87' lang='lat' dir='ltr'>quum</span> <span class='ocrx_word' id='word_1_15' title='bbox 937 448 958 503; x_wconf 75' lang='lat' dir='ltr'>,t</span> <span class='ocrx_word' id='word_1_16' title='bbox 973 451 1059 495; x_wconf 87' lang='lat' dir='ltr'>nostro</span> <span class='ocrx_word' id='word_1_17' title='bbox 1071 445 1160 495; x_wconf 72' lang='lat' dir='ltr'>uirtute</span> <span class='ocrx_word' id='word_1_18' title='bbox 1171 453 1214 496; x_wconf 86' lang='lat' dir='ltr'>aot</span> <span class='ocrx_word' id='word_1_19' title='bbox 1225 446 1317 514; x_wconf 78' lang='lat' dir='ltr'>pietate</span> <span class='ocrx_word' id='word_1_20' title='bbox 1328 446 1462 514; x_wconf 70' lang='lat' dir='ltr'>fecerimus</span> <span class='ocrx_word' id='word_1_21' title='bbox 1472 448 1538 502; x_wconf 79' lang='lat' dir='ltr'>branc</span> <span class='ocrx_word' id='word_1_22' title='bbox 1548 453 1759 528; x_wconf 77' lang='lat' dir='ltr'>unitaturettcr.</span> 
     </span>
    </p>
   </div>
   <div class='ocr_carea' id='block_1_5' title="bbox 130 526 922 872">
    <p class='ocr_par' dir='ltr' id='par_1_5' title="bbox 130 526 922 872">
     <span class='ocr_line' id='line_1_5' title="bbox 130 526 919 598; baseline 0.003 -18"><span class='ocrx_word' id='word_1_23' title='bbox 130 543 182 580; x_wconf 81' lang='lat' dir='ltr'>uam</span> <span class='ocrx_word' id='word_1_24' title='bbox 198 526 318 581; x_wconf 84' lang='lat' dir='ltr'>laudarit</span> <span class='ocrx_word' id='word_1_25' title='bbox 332 527 402 595; x_wconf 88' lang='lat' dir='ltr'>quod</span> <span class='ocrx_word' id='word_1_26' title='bbox 420 537 505 582; x_wconf 89' lang='lat' dir='ltr'>terras</span> <span class='ocrx_word' id='word_1_27' title='bbox 517 528 675 598; x_wconf 79' lang='lat' dir='ltr'>suspendit,</span> <span class='ocrx_word' id='word_1_28' title='bbox 692 531 775 583; x_wconf 88' lang='lat' dir='ltr'>maria</span> <span class='ocrx_word' id='word_1_29' title='bbox 791 530 919 592; x_wconf 87' lang='lat' dir='ltr'>coercuit,</span> 
     </span>
     <span class='ocr_line' id='line_1_6' title="bbox 130 619 921 687; baseline 0.006 -16"><span class='ocrx_word' id='word_1_30' title='bbox 130 619 218 673; x_wconf 82' lang='lat' dir='ltr'>stellis</span> <span class='ocrx_word' id='word_1_31' title='bbox 233 619 330 674; x_wconf 86' lang='lat' dir='ltr'>coelmn</span> <span class='ocrx_word' id='word_1_32' title='bbox 345 619 479 687; x_wconf 81' lang='lat' dir='ltr'>alepiuxit;</span> <span class='ocrx_word' id='word_1_33' title='bbox 496 620 542 675; x_wconf 81' lang='lat' dir='ltr'>sed</span> <span class='ocrx_word' id='word_1_34' title='bbox 565 621 724 684; x_wconf 71' lang='lat' dir='ltr'>tolerantem</span> <span class='ocrx_word' id='word_1_35' title='bbox 739 622 808 676; x_wconf 84' lang='lat' dir='ltr'>dixit</span> <span class='ocrx_word' id='word_1_36' title='bbox 827 637 921 678; x_wconf 86' lang='lat' dir='ltr'>exces-</span> 
     </span>
     <span class='ocr_line' id='line_1_7' title="bbox 130 711 920 798; baseline 0.004 -34"><span class='ocrx_word' id='word_1_37' title='bbox 130 724 176 764; x_wconf 88' lang='lat' dir='ltr'>sus</span> <span class='ocrx_word' id='word_1_38' title='bbox 199 711 349 798; x_wconf 65' lang='lat' dir='ltr'>pomanus,</span> <span class='ocrx_word' id='word_1_39' title='bbox 367 722 395 766; x_wconf 93' lang='lat' dir='ltr'>nt</span> <span class='ocrx_word' id='word_1_40' title='bbox 418 715 461 778; x_wconf 87' lang='lat' dir='ltr'>qui</span> <span class='ocrx_word' id='word_1_41' title='bbox 481 715 567 781; x_wconf 90' lang='lat' dir='ltr'>puniri</span> <span class='ocrx_word' id='word_1_42' title='bbox 592 722 700 783; x_wconf 88' lang='lat' dir='ltr'>possent</span> <span class='ocrx_word' id='word_1_43' title='bbox 715 713 772 784; x_wconf 72' lang='lat' dir='ltr'>lege</span> <span class='ocrx_word' id='word_1_44' title='bbox 793 714 920 781; x_wconf 73' lang='lat' dir='ltr'>justitiae,</span> 
     </span>
     <span class='ocr_line' id='line_1_8' title="bbox 132 802 922 872; baseline 0.006 -18"><span class='ocrx_word' id='word_1_45' title='bbox 132 802 283 869; x_wconf 72' lang='lat' dir='ltr'>probentur</span> <span class='ocrx_word' id='word_1_46' title='bbox 305 818 352 872; x_wconf 91' lang='lat' dir='ltr'>per</span> <span class='ocrx_word' id='word_1_47' title='bbox 373 804 526 870; x_wconf 87' lang='lat' dir='ltr'>patientiam</span> <span class='ocrx_word' id='word_1_48' title='bbox 550 805 654 859; x_wconf 88' lang='lat' dir='ltr'>Domini</span> <span class='ocrx_word' id='word_1_49' title='bbox 672 821 724 858; x_wconf 94' lang='lat' dir='ltr'>non</span> <span class='ocrx_word' id='word_1_50' title='bbox 740 807 836 870; x_wconf 85' lang='lat' dir='ltr'>perire,</span> <span class='ocrx_word' id='word_1_51' title='bbox 854 806 922 860; x_wconf 90' lang='lat' dir='ltr'>sieut</span> 
     </span>
    </p>
   </div>
   <div class='ocr_carea' id='block_1_6' title="bbox 129 895 972 968">
    <p class='ocr_par' dir='ltr' id='par_1_6' title="bbox 129 895 972 968">
     <span class='ocr_line' id='line_1_9' title="bbox 129 895 972 968; baseline 0.011 -19"><span class='ocrx_word' id='word_1_52' title='bbox 129 895 227 965; x_wconf 81' lang='lat' dir='ltr'>legitur</span> <span class='ocrx_word' id='word_1_53' title='bbox 242 912 249 949; x_wconf 91' lang='lat'><strong>:</strong></span> <span class='ocrx_word' id='word_1_54' title='bbox 266 896 334 950; x_wconf 84' lang='lat' dir='ltr'>Nolo</span> <span class='ocrx_word' id='word_1_55' title='bbox 349 907 455 951; x_wconf 87' lang='lat' dir='ltr'>mortem</span> <span class='ocrx_word' id='word_1_56' title='bbox 469 901 607 966; x_wconf 78' lang='lat' dir='ltr'>peccatoris</span> <span class='ocrx_word' id='word_1_57' title='bbox 617 943 625 968; x_wconf 94' lang='lat'>,</span> <span class='ocrx_word' id='word_1_58' title='bbox 636 901 681 953; x_wconf 85' lang='lat' dir='ltr'>sed</span> <span class='ocrx_word' id='word_1_59' title='bbox 692 909 719 953; x_wconf 89' lang='lat' dir='ltr'>ut</span> <span class='ocrx_word' id='word_1_60' title='bbox 730 911 889 956; x_wconf 76' lang='lat' dir='ltr'>corruerimus</span> <span class='ocrx_word' id='word_1_61' title='bbox 899 913 922 958; x_wconf 86' lang='lat' dir='ltr'>et</span> <span class='ocrx_word' id='word_1_62' title='bbox 958 931 972 952; x_wconf 78' lang='grc' dir='ltr'><em>ι</em></span> 
     </span>
    </p>
   </div>
   <div class='ocr_carea' id='block_1_7' title="bbox 128 970 923 1691">
    <p class='ocr_par' dir='ltr' id='par_1_7' title="bbox 129 970 561 1058">
     <span class='ocr_line' id='line_1_10' title="bbox 129 970 561 1058; baseline 0.016 -21"><span class='ocrx_word' id='word_1_63' title='bbox 129 986 197 1038; x_wconf 84' lang='lat' dir='ltr'>rieot</span> <span class='ocrx_word' id='word_1_64' title='bbox 213 987 222 1056; x_wconf 89' lang='lat'>(</span> <span class='ocrx_word' id='word_1_65' title='bbox 236 986 329 1039; x_wconf 78' lang='lat' dir='ltr'>Ezeclr.</span> <span class='ocrx_word' id='word_1_66' title='bbox 348 1002 426 1049; x_wconf 83' lang='lat' dir='ltr'>xvrrr,</span> <span class='ocrx_word' id='word_1_67' title='bbox 443 987 510 1058; x_wconf 68' lang='grc'><strong>51).</strong></span> <span class='ocrx_word' id='word_1_68' title='bbox 554 970 561 990; x_wconf 84' lang='lat'>.</span> 
     </span>
    </p>

    <p class='ocr_par' dir='ltr' id='par_1_8' title="bbox 128 1073 923 1691">
     <span class='ocr_line' id='line_1_11' title="bbox 166 1073 918 1144; baseline 0.011 -16"><span class='ocrx_word' id='word_1_69' title='bbox 166 1073 245 1130; x_wconf 78' lang='lat' dir='ltr'>Vers.</span> <span class='ocrx_word' id='word_1_70' title='bbox 265 1077 292 1132; x_wconf 78' lang='grc'>9.</span> <span class='ocrx_word' id='word_1_71' title='bbox 314 1077 400 1131; x_wconf 80' lang='grc' dir='ltr'><strong>Τετιι.</strong></span> <span class='ocrx_word' id='word_1_72' title='bbox 417 1077 510 1135; x_wconf 83' lang='lat' dir='ltr'>Souris</span> <span class='ocrx_word' id='word_1_73' title='bbox 523 1079 650 1133; x_wconf 88' lang='lat' dir='ltr'>Doruinas</span> <span class='ocrx_word' id='word_1_74' title='bbox 664 1082 797 1144; x_wconf 82' lang='lat' dir='ltr'>universis,</span> <span class='ocrx_word' id='word_1_75' title='bbox 811 1091 835 1135; x_wconf 86' lang='lat' dir='ltr'>et</span> <span class='ocrx_word' id='word_1_76' title='bbox 848 1085 918 1137; x_wconf 85' lang='lat' dir='ltr'>mise·</span> 
     </span>
     <span class='ocr_line' id='line_1_12' title="bbox 129 1167 922 1241; baseline 0.015 -26"><span class='ocrx_word' id='word_1_77' title='bbox 129 1167 242 1220; x_wconf 81' lang='lat' dir='ltr'>rationes</span> <span class='ocrx_word' id='word_1_78' title='bbox 262 1168 318 1235; x_wconf 78' lang='lat' dir='ltr'>ejas</span> <span class='ocrx_word' id='word_1_79' title='bbox 338 1184 414 1237; x_wconf 82' lang='lat' dir='ltr'>super·</span> <span class='ocrx_word' id='word_1_80' title='bbox 437 1172 523 1221; x_wconf 86' lang='lat' dir='ltr'>orrrnio</span> <span class='ocrx_word' id='word_1_81' title='bbox 543 1185 620 1237; x_wconf 85' lang='lat' dir='ltr'>opero</span> <span class='ocrx_word' id='word_1_82' title='bbox 639 1171 706 1240; x_wconf 78' lang='lat' dir='ltr'>ejas.</span> <span class='ocrx_word' id='word_1_83' title='bbox 723 1171 828 1225; x_wconf 88' lang='lat' dir='ltr'>Tertius</span> <span class='ocrx_word' id='word_1_84' title='bbox 844 1187 922 1241; x_wconf 80' lang='lat' dir='ltr'>argu·</span> 
     </span>
     <span class='ocr_line' id='line_1_13' title="bbox 129 1254 923 1335; baseline 0.015 -29"><span class='ocrx_word' id='word_1_85' title='bbox 129 1254 214 1308; x_wconf 89' lang='lat' dir='ltr'>menti</span> <span class='ocrx_word' id='word_1_86' title='bbox 230 1254 304 1309; x_wconf 88' lang='lat' dir='ltr'>locus</span> <span class='ocrx_word' id='word_1_87' title='bbox 319 1265 388 1311; x_wconf 89' lang='lat' dir='ltr'>esta</span> <span class='ocrx_word' id='word_1_88' title='bbox 407 1257 614 1326; x_wconf 79' lang='lat' dir='ltr'>magnificentia.</span> <span class='ocrx_word' id='word_1_89' title='bbox 631 1263 697 1328; x_wconf 85' lang='lat' dir='ltr'>Quid</span> <span class='ocrx_word' id='word_1_90' title='bbox 714 1264 784 1316; x_wconf 89' lang='lat' dir='ltr'>enirn</span> <span class='ocrx_word' id='word_1_91' title='bbox 802 1265 923 1335; x_wconf 77' lang='lat' dir='ltr'>magnili-</span> 
     </span>
     <span class='ocr_line' id='line_1_14' title="bbox 128 1345 920 1419; baseline 0.011 -20"><span class='ocrx_word' id='word_1_92' title='bbox 128 1345 233 1399; x_wconf 88' lang='lat' dir='ltr'>centius</span> <span class='ocrx_word' id='word_1_93' title='bbox 247 1361 326 1415; x_wconf 88' lang='lat' dir='ltr'>qnam</span> <span class='ocrx_word' id='word_1_94' title='bbox 341 1363 444 1402; x_wconf 81' lang='lat' dir='ltr'>sacrem</span> <span class='ocrx_word' id='word_1_95' title='bbox 458 1362 518 1404; x_wconf 77' lang='lat' dir='ltr'>esse</span> <span class='ocrx_word' id='word_1_96' title='bbox 541 1351 672 1419; x_wconf 72' lang='lat' dir='ltr'>rruiaersfs,</span> <span class='ocrx_word' id='word_1_97' title='bbox 690 1356 734 1416; x_wconf 87' lang='lat' dir='ltr'>qui</span> <span class='ocrx_word' id='word_1_98' title='bbox 751 1364 839 1408; x_wconf 88' lang='lat' dir='ltr'>tamen</span> <span class='ocrx_word' id='word_1_99' title='bbox 860 1373 920 1410; x_wconf 85' lang='lat' dir='ltr'>euin</span> 
     </span>
     <span class='ocr_line' id='line_1_15' title="bbox 130 1436 922 1511; baseline 0.01 -19"><span class='ocrx_word' id='word_1_100' title='bbox 130 1436 234 1492; x_wconf 67' lang='lat' dir='ltr'>derum</span> <span class='ocrx_word' id='word_1_101' title='bbox 256 1437 381 1492; x_wconf 74' lang='lat' dir='ltr'>sensibus</span> <span class='ocrx_word' id='word_1_102' title='bbox 405 1438 488 1505; x_wconf 85' lang='lat' dir='ltr'>ipsius</span> <span class='ocrx_word' id='word_1_103' title='bbox 510 1454 621 1495; x_wconf 83' lang='lat' dir='ltr'>moriere</span> <span class='ocrx_word' id='word_1_104' title='bbox 641 1446 833 1511; x_wconf 81' lang='lat' dir='ltr'>gustarcruutl</span> <span class='ocrx_word' id='word_1_105' title='bbox 848 1446 922 1501; x_wconf 89' lang='lat' dir='ltr'>Sicut</span> 
     </span>
     <span class='ocr_line' id='line_1_16' title="bbox 129 1526 921 1604; baseline 0.011 -23"><span class='ocrx_word' id='word_1_106' title='bbox 129 1526 225 1582; x_wconf 79' lang='lat' dir='ltr'>Petrus</span> <span class='ocrx_word' id='word_1_107' title='bbox 246 1528 383 1596; x_wconf 82' lang='lat' dir='ltr'>apostolus</span> <span class='ocrx_word' id='word_1_108' title='bbox 404 1528 466 1582; x_wconf 87' lang='lat' dir='ltr'>dicit</span> <span class='ocrx_word' id='word_1_109' title='bbox 489 1548 495 1582; x_wconf 91' lang='lat'>:</span> <span class='ocrx_word' id='word_1_110' title='bbox 519 1530 549 1585; x_wconf 87' lang='lat' dir='ltr'>Si</span> <span class='ocrx_word' id='word_1_111' title='bbox 568 1541 650 1585; x_wconf 85' lang='lat' dir='ltr'>touteu</span> <span class='ocrx_word' id='word_1_112' title='bbox 669 1542 789 1604; x_wconf 79' lang='lat' dir='ltr'>portastis</span> <span class='ocrx_word' id='word_1_113' title='bbox 803 1538 921 1604; x_wconf 86' lang='lat' dir='ltr'>qnoniam</span> 
     </span>
     <span class='ocr_line' id='line_1_17' title="bbox 128 1614 920 1691; baseline 0.018 -24"><span class='ocrx_word' id='word_1_114' title='bbox 128 1614 213 1670; x_wconf 77' lang='lat' dir='ltr'>deicis</span> <span class='ocrx_word' id='word_1_115' title='bbox 227 1629 265 1670; x_wconf 81' lang='lat' dir='ltr'>est</span> <span class='ocrx_word' id='word_1_116' title='bbox 277 1614 404 1671; x_wconf 84' lang='lat' dir='ltr'>Dominus</span> <span class='ocrx_word' id='word_1_117' title='bbox 421 1619 431 1688; x_wconf 75' lang='lat' dir='ltr'>l</span> <span class='ocrx_word' id='word_1_118' title='bbox 445 1617 460 1671; x_wconf 94' lang='lat'><em>1</em></span> <span class='ocrx_word' id='word_1_119' title='bbox 478 1619 548 1673; x_wconf 82' lang='lat' dir='ltr'>Petr.</span> <span class='ocrx_word' id='word_1_120' title='bbox 564 1636 597 1687; x_wconf 87' lang='lat' dir='ltr'>tr,</span> <span class='ocrx_word' id='word_1_121' title='bbox 612 1623 661 1691; x_wconf 77' lang='lat'>5).</span> <span class='ocrx_word' id='word_1_122' title='bbox 679 1624 767 1679; x_wconf 87' lang='lat' dir='ltr'>Dulcis</span> <span class='ocrx_word' id='word_1_123' title='bbox 781 1627 852 1680; x_wconf 91' lang='lat' dir='ltr'>euim</span> <span class='ocrx_word' id='word_1_124' title='bbox 869 1628 920 1681; x_wconf 90' lang='lat' dir='ltr'>dici</span> 
     </span>
    </p>
   </div>
   <div class='ocr_carea' id='block_1_8' title="bbox 128 1711 919 1785">
    <p class='ocr_par' dir='ltr' id='par_1_9' title="bbox 128 1711 919 1785">
     <span class='ocr_line' id='line_1_18' title="bbox 128 1711 919 1785; baseline 0.015 -24"><span class='ocrx_word' id='word_1_125' title='bbox 128 1722 183 1763; x_wconf 90' lang='lat' dir='ltr'>uon</span> <span class='ocrx_word' id='word_1_126' title='bbox 197 1716 295 1778; x_wconf 89' lang='lat' dir='ltr'>potest,</span> <span class='ocrx_word' id='word_1_127' title='bbox 308 1712 357 1764; x_wconf 91' lang='lat' dir='ltr'>uisi</span> <span class='ocrx_word' id='word_1_128' title='bbox 372 1711 467 1781; x_wconf 89' lang='lat' dir='ltr'>eisqui</span> <span class='ocrx_word' id='word_1_129' title='bbox 481 1711 547 1767; x_wconf 88' lang='lat' dir='ltr'>bona</span> <span class='ocrx_word' id='word_1_130' title='bbox 563 1714 645 1782; x_wconf 89' lang='lat' dir='ltr'>ipsios</span> <span class='ocrx_word' id='word_1_131' title='bbox 659 1717 832 1785; x_wconf 70' lang='lat' dir='ltr'>spiritualiter</span> <span class='ocrx_word' id='word_1_132' title='bbox 844 1720 919 1774; x_wconf 90' lang='lat' dir='ltr'>imbi-</span> 
     </span>
    </p>
   </div>
   <div class='ocr_carea' id='block_1_9' title="bbox 971 533 1764 1786">
    <p class='ocr_par' dir='ltr' id='par_1_10' title="bbox 972 533 1760 879">
     <span class='ocr_line' id='line_1_19' title="bbox 973 533 1760 606; baseline 0.025 -22"><span class='ocrx_word' id='word_1_133' title='bbox 973 547 1014 595; x_wconf 86' lang='lat' dir='ltr'>ttt,</span> <span class='ocrx_word' id='word_1_134' title='bbox 1030 533 1098 601; x_wconf 62' lang='lat' dir='ltr'>llll</span> <span class='ocrx_word' id='word_1_135' title='bbox 1113 535 1144 587; x_wconf 80' lang='lat' dir='ltr'>Et</span> <span class='ocrx_word' id='word_1_136' title='bbox 1157 537 1236 604; x_wconf 88' lang='lat' dir='ltr'>paulo</span> <span class='ocrx_word' id='word_1_137' title='bbox 1252 546 1310 603; x_wconf 82' lang='lat' dir='ltr'>post</span> <span class='ocrx_word' id='word_1_138' title='bbox 1324 537 1413 592; x_wconf 90' lang='lat' dir='ltr'>dicunt</span> <span class='ocrx_word' id='word_1_139' title='bbox 1429 557 1436 591; x_wconf 76' lang='grc' dir='ltr'><strong>ε</strong></span> <span class='ocrx_word' id='word_1_140' title='bbox 1450 540 1525 606; x_wconf 87' lang='lat' dir='ltr'>Quod</span> <span class='ocrx_word' id='word_1_141' title='bbox 1538 543 1564 595; x_wconf 91' lang='lat' dir='ltr'>in</span> <span class='ocrx_word' id='word_1_142' title='bbox 1578 547 1684 601; x_wconf 89' lang='lat' dir='ltr'>nomine</span> <span class='ocrx_word' id='word_1_143' title='bbox 1696 548 1760 604; x_wconf 81' lang='lat' dir='ltr'>lesu</span> 
     </span>
     <span class='ocr_line' id='line_1_20' title="bbox 973 623 1760 706; baseline 0.019 -28"><span class='ocrx_word' id='word_1_144' title='bbox 973 623 1069 678; x_wconf 75' lang='lat' dir='ltr'>curisti</span> <span class='ocrx_word' id='word_1_145' title='bbox 1085 626 1173 679; x_wconf 85' lang='lat' dir='ltr'>salros</span> <span class='ocrx_word' id='word_1_146' title='bbox 1189 627 1331 682; x_wconf 80' lang='lat' dir='ltr'>siclaetus.</span> <span class='ocrx_word' id='word_1_147' title='bbox 1353 629 1422 684; x_wconf 81' lang='lat' dir='ltr'>Nom</span> <span class='ocrx_word' id='word_1_148' title='bbox 1439 635 1520 685; x_wconf 87' lang='lat' dir='ltr'>etiam</span> <span class='ocrx_word' id='word_1_149' title='bbox 1536 634 1604 702; x_wconf 70' lang='lat' dir='ltr'>[octo</span> <span class='ocrx_word' id='word_1_150' title='bbox 1618 647 1655 691; x_wconf 85' lang='lat' dir='ltr'>est</span> <span class='ocrx_word' id='word_1_151' title='bbox 1670 650 1760 706; x_wconf 77' lang='lat' dir='ltr'>puten-</span> 
     </span>
     <span class='ocr_line' id='line_1_21' title="bbox 972 714 1760 792; baseline 0.024 -27"><span class='ocrx_word' id='word_1_152' title='bbox 972 715 1008 766; x_wconf 89' lang='lat' dir='ltr'>tio</span> <span class='ocrx_word' id='word_1_153' title='bbox 1032 714 1155 781; x_wconf 86' lang='lat' dir='ltr'>Domini,</span> <span class='ocrx_word' id='word_1_154' title='bbox 1170 717 1275 784; x_wconf 89' lang='lat' dir='ltr'>quando</span> <span class='ocrx_word' id='word_1_155' title='bbox 1291 719 1411 773; x_wconf 86' lang='lat' dir='ltr'>diversas</span> <span class='ocrx_word' id='word_1_156' title='bbox 1425 720 1536 777; x_wconf 82' lang='lat' dir='ltr'>virtutes</span> <span class='ocrx_word' id='word_1_157' title='bbox 1550 727 1663 792; x_wconf 84' lang='lat' dir='ltr'>apostoli</span> <span class='ocrx_word' id='word_1_158' title='bbox 1683 729 1760 784; x_wconf 87' lang='lat' dir='ltr'>invo-</span> 
     </span>
     <span class='ocr_line' id='line_1_22' title="bbox 973 806 1419 879; baseline 0.016 -21"><span class='ocrx_word' id='word_1_159' title='bbox 973 816 1034 858; x_wconf 91' lang='lat' dir='ltr'>caro</span> <span class='ocrx_word' id='word_1_160' title='bbox 1048 806 1106 874; x_wconf 86' lang='lat' dir='ltr'>ejus</span> <span class='ocrx_word' id='word_1_161' title='bbox 1122 811 1229 863; x_wconf 87' lang='lat' dir='ltr'>nomine</span> <span class='ocrx_word' id='word_1_162' title='bbox 1242 811 1419 879; x_wconf 76' lang='lat' dir='ltr'>perfecerunt.</span> 
     </span>
    </p>

    <p class='ocr_par' dir='ltr' id='par_1_11' title="bbox 971 894 1764 1786">
     <span class='ocr_line' id='line_1_23' title="bbox 1009 894 1760 979; baseline 0.024 -33"><span class='ocrx_word' id='word_1_163' title='bbox 1009 894 1084 949; x_wconf 87' lang='lat' dir='ltr'>Vers.</span> <span class='ocrx_word' id='word_1_164' title='bbox 1107 897 1149 949; x_wconf 83' lang='grc'>15.</span> <span class='ocrx_word' id='word_1_165' title='bbox 1171 898 1243 952; x_wconf 83' lang='lat' dir='ltr'>blera.</span> <span class='ocrx_word' id='word_1_166' title='bbox 1265 900 1382 968; x_wconf 80' lang='lat' dir='ltr'>llepnam</span> <span class='ocrx_word' id='word_1_167' title='bbox 1402 912 1489 968; x_wconf 77' lang='lat' dir='ltr'>toorn,</span> <span class='ocrx_word' id='word_1_168' title='bbox 1510 903 1637 974; x_wconf 78' lang='lat' dir='ltr'>Domine,</span> <span class='ocrx_word' id='word_1_169' title='bbox 1654 926 1760 979; x_wconf 79' lang='lat' dir='ltr'>reprom</span> 
     </span>
     <span class='ocr_line' id='line_1_24' title="bbox 973 984 1764 1064; baseline 0.024 -29"><span class='ocrx_word' id='word_1_170' title='bbox 973 984 1086 1037; x_wconf 80' lang='lat' dir='ltr'>earnium</span> <span class='ocrx_word' id='word_1_171' title='bbox 1099 987 1267 1052; x_wconf 80' lang='lat' dir='ltr'>soculorum,</span> <span class='ocrx_word' id='word_1_172' title='bbox 1283 997 1306 1039; x_wconf 89' lang='lat' dir='ltr'>et</span> <span class='ocrx_word' id='word_1_173' title='bbox 1320 989 1460 1043; x_wconf 81' lang='lat' dir='ltr'>dominatio</span> <span class='ocrx_word' id='word_1_174' title='bbox 1474 1003 1518 1056; x_wconf 81' lang='lat' dir='ltr'>too</span> <span class='ocrx_word' id='word_1_175' title='bbox 1532 994 1558 1046; x_wconf 88' lang='lat' dir='ltr'>r&#39;ra</span> <span class='ocrx_word' id='word_1_176' title='bbox 1573 997 1642 1048; x_wconf 86' lang='lat' dir='ltr'>omui</span> <span class='ocrx_word' id='word_1_177' title='bbox 1655 1011 1764 1064; x_wconf 66' lang='lat' dir='ltr'>prono-</span> 
     </span>
     <span class='ocr_line' id='line_1_25' title="bbox 972 1075 1760 1154; baseline 0.023 -30"><span class='ocrx_word' id='word_1_178' title='bbox 972 1075 1040 1127; x_wconf 85' lang='lat' dir='ltr'>tione</span> <span class='ocrx_word' id='word_1_179' title='bbox 1053 1084 1076 1127; x_wconf 87' lang='lat' dir='ltr'>et</span> <span class='ocrx_word' id='word_1_180' title='bbox 1091 1077 1220 1143; x_wconf 78' lang='lat' dir='ltr'>properie.</span> <span class='ocrx_word' id='word_1_181' title='bbox 1238 1076 1315 1131; x_wconf 82' lang='lat' dir='ltr'>Venit</span> <span class='ocrx_word' id='word_1_182' title='bbox 1330 1081 1361 1131; x_wconf 89' lang='lat' dir='ltr'>ad</span> <span class='ocrx_word' id='word_1_183' title='bbox 1377 1080 1518 1147; x_wconf 90' lang='lat' dir='ltr'>septimum</span> <span class='ocrx_word' id='word_1_184' title='bbox 1533 1083 1636 1147; x_wconf 89' lang='lat' dir='ltr'>locum,</span> <span class='ocrx_word' id='word_1_185' title='bbox 1650 1087 1693 1154; x_wconf 89' lang='lat' dir='ltr'>qui</span> <span class='ocrx_word' id='word_1_186' title='bbox 1706 1095 1760 1141; x_wconf 88' lang='lat' dir='ltr'>tra·</span> 
     </span>
     <span class='ocr_line' id='line_1_26' title="bbox 975 1162 1759 1246; baseline 0.023 -31"><span class='ocrx_word' id='word_1_187' title='bbox 975 1162 1073 1217; x_wconf 89' lang='lat' dir='ltr'>bitnra</span> <span class='ocrx_word' id='word_1_188' title='bbox 1090 1167 1280 1234; x_wconf 78' lang='lat' dir='ltr'>nragnituuine.</span> <span class='ocrx_word' id='word_1_189' title='bbox 1297 1168 1362 1222; x_wconf 87' lang='lat' dir='ltr'>Nam</span> <span class='ocrx_word' id='word_1_190' title='bbox 1378 1171 1400 1223; x_wconf 91' lang='lat' dir='ltr'>si</span> <span class='ocrx_word' id='word_1_191' title='bbox 1415 1187 1537 1241; x_wconf 81' lang='lat' dir='ltr'>rrragnnm</span> <span class='ocrx_word' id='word_1_192' title='bbox 1553 1183 1594 1229; x_wconf 88' lang='lat' dir='ltr'>est</span> <span class='ocrx_word' id='word_1_193' title='bbox 1607 1178 1640 1229; x_wconf 89' lang='lat' dir='ltr'>ad</span> <span class='ocrx_word' id='word_1_194' title='bbox 1655 1187 1759 1246; x_wconf 87' lang='lat' dir='ltr'>tempus</span> 
     </span>
     <span class='ocr_line' id='line_1_27' title="bbox 973 1255 1760 1329; baseline 0.022 -23"><span class='ocrx_word' id='word_1_195' title='bbox 973 1255 1116 1322; x_wconf 88' lang='lat' dir='ltr'>imperare,</span> <span class='ocrx_word' id='word_1_196' title='bbox 1131 1269 1231 1327; x_wconf 90' lang='lat' dir='ltr'>quanto</span> <span class='ocrx_word' id='word_1_197' title='bbox 1245 1261 1456 1329; x_wconf 78' lang='lat' dir='ltr'>magnificentius</span> <span class='ocrx_word' id='word_1_198' title='bbox 1470 1266 1657 1322; x_wconf 82' lang='lat' dir='ltr'>dominationis</span> <span class='ocrx_word' id='word_1_199' title='bbox 1668 1273 1760 1323; x_wconf 89' lang='lat' dir='ltr'>termi-</span> 
     </span>
     <span class='ocr_line' id='line_1_28' title="bbox 972 1347 1759 1422; baseline 0.022 -26"><span class='ocrx_word' id='word_1_200' title='bbox 972 1359 1034 1398; x_wconf 90' lang='lat' dir='ltr'>num</span> <span class='ocrx_word' id='word_1_201' title='bbox 1055 1360 1106 1399; x_wconf 83' lang='lat' dir='ltr'>uun</span> <span class='ocrx_word' id='word_1_202' title='bbox 1128 1347 1244 1402; x_wconf 85' lang='lat' dir='ltr'>trabere?</span> <span class='ocrx_word' id='word_1_203' title='bbox 1264 1349 1378 1404; x_wconf 78' lang='lat' dir='ltr'>Primum</span> <span class='ocrx_word' id='word_1_204' title='bbox 1395 1353 1465 1405; x_wconf 88' lang='lat' dir='ltr'>enim</span> <span class='ocrx_word' id='word_1_205' title='bbox 1482 1354 1586 1422; x_wconf 84' lang='lat' dir='ltr'>siguum</span> <span class='ocrx_word' id='word_1_206' title='bbox 1608 1358 1709 1412; x_wconf 86' lang='lat' dir='ltr'>Domini</span> <span class='ocrx_word' id='word_1_207' title='bbox 1724 1360 1759 1414; x_wconf 90' lang='lat' dir='ltr'>de</span> 
     </span>
     <span class='ocr_line' id='line_1_29' title="bbox 972 1436 1759 1512; baseline 0.02 -27"><span class='ocrx_word' id='word_1_208' title='bbox 972 1439 1148 1501; x_wconf 81' lang='lat' dir='ltr'>perpetuitate</span> <span class='ocrx_word' id='word_1_209' title='bbox 1163 1436 1293 1502; x_wconf 84' lang='lat' dir='ltr'>laudauit,</span> <span class='ocrx_word' id='word_1_210' title='bbox 1310 1450 1401 1507; x_wconf 79' lang='lat' dir='ltr'>postea</span> <span class='ocrx_word' id='word_1_211' title='bbox 1415 1441 1448 1495; x_wconf 90' lang='lat' dir='ltr'>de</span> <span class='ocrx_word' id='word_1_212' title='bbox 1468 1442 1551 1512; x_wconf 85' lang='lat' dir='ltr'>ipsius</span> <span class='ocrx_word' id='word_1_213' title='bbox 1571 1446 1759 1503; x_wconf 85' lang='lat' dir='ltr'>dominationis</span> 
     </span>
     <span class='ocr_line' id='line_1_30' title="bbox 971 1524 1758 1602; baseline 0.02 -26"><span class='ocrx_word' id='word_1_214' title='bbox 971 1524 1077 1576; x_wconf 85' lang='lat' dir='ltr'>ellectu.</span> <span class='ocrx_word' id='word_1_215' title='bbox 1094 1526 1160 1579; x_wconf 90' lang='lat' dir='ltr'>Sunt</span> <span class='ocrx_word' id='word_1_216' title='bbox 1180 1528 1250 1580; x_wconf 90' lang='lat' dir='ltr'>euim</span> <span class='ocrx_word' id='word_1_217' title='bbox 1271 1530 1493 1596; x_wconf 79' lang='lat' dir='ltr'>regnaturorum,</span> <span class='ocrx_word' id='word_1_218' title='bbox 1511 1534 1558 1587; x_wconf 89' lang='lat' dir='ltr'>scd</span> <span class='ocrx_word' id='word_1_219' title='bbox 1579 1550 1630 1588; x_wconf 92' lang='lat' dir='ltr'>nou</span> <span class='ocrx_word' id='word_1_220' title='bbox 1645 1547 1758 1602; x_wconf 79' lang='lat' dir='ltr'>aeterna:</span> 
     </span>
     <span class='ocr_line' id='line_1_31' title="bbox 971 1615 1760 1686; baseline 0.023 -20"><span class='ocrx_word' id='word_1_221' title='bbox 971 1623 1032 1666; x_wconf 88' lang='lat' dir='ltr'>suut</span> <span class='ocrx_word' id='word_1_222' title='bbox 1045 1625 1071 1669; x_wconf 90' lang='lat' dir='ltr'>et</span> <span class='ocrx_word' id='word_1_223' title='bbox 1082 1615 1194 1669; x_wconf 86' lang='lat' dir='ltr'>aliorum</span> <span class='ocrx_word' id='word_1_224' title='bbox 1210 1621 1407 1684; x_wconf 86' lang='lat' dir='ltr'>comparatione</span> <span class='ocrx_word' id='word_1_225' title='bbox 1421 1621 1515 1686; x_wconf 81' lang='lat' dir='ltr'>lautia,</span> <span class='ocrx_word' id='word_1_226' title='bbox 1531 1625 1578 1678; x_wconf 85' lang='lat' dir='ltr'>scd</span> <span class='ocrx_word' id='word_1_227' title='bbox 1593 1641 1644 1681; x_wconf 90' lang='lat' dir='ltr'>non</span> <span class='ocrx_word' id='word_1_228' title='bbox 1660 1628 1760 1684; x_wconf 83' lang='lat' dir='ltr'>diritius</span> 
     </span>
     <span class='ocr_line' id='line_1_32' title="bbox 971 1703 1758 1786; baseline 0.023 -30"><span class='ocrx_word' id='word_1_229' title='bbox 971 1703 1151 1770; x_wconf 87' lang='lat' dir='ltr'>dominantia;</span> <span class='ocrx_word' id='word_1_230' title='bbox 1167 1718 1193 1760; x_wconf 92' lang='lat' dir='ltr'>et</span> <span class='ocrx_word' id='word_1_231' title='bbox 1206 1708 1266 1761; x_wconf 92' lang='lat' dir='ltr'>ideo</span> <span class='ocrx_word' id='word_1_232' title='bbox 1282 1711 1444 1777; x_wconf 86' lang='lat' dir='ltr'>perpetuitas</span> <span class='ocrx_word' id='word_1_233' title='bbox 1458 1715 1506 1765; x_wconf 86' lang='lat' dir='ltr'>ista</span> <span class='ocrx_word' id='word_1_234' title='bbox 1523 1727 1758 1786; x_wconf 78' lang='lat' dir='ltr'>commemoratur,</span> 
     </span>
    </p>
   </div>
   <div class='ocr_carea' id='block_1_10' title="bbox 127 1795 1758 1873">
    <p class='ocr_par' dir='ltr' id='par_1_12' title="bbox 127 1795 1758 1873">
     <span class='ocr_line' id='line_1_33' title="bbox 127 1795 1758 1873; baseline 0.01 -25"><span class='ocrx_word' id='word_1_235' title='bbox 127 1797 236 1854; x_wconf 76' lang='grc' dir='ltr'><strong>ὶιειειιι.</strong></span> <span class='ocrx_word' id='word_1_236' title='bbox 250 1798 320 1869; x_wconf 73' lang='lat' dir='ltr'>Quid</span> <span class='ocrx_word' id='word_1_237' title='bbox 339 1801 434 1855; x_wconf 90' lang='lat' dir='ltr'>iterum</span> <span class='ocrx_word' id='word_1_238' title='bbox 453 1803 664 1873; x_wconf 79' lang='lat' dir='ltr'>magnificentius</span> <span class='ocrx_word' id='word_1_239' title='bbox 680 1823 757 1873; x_wconf 85' lang='lat' dir='ltr'>quam</span> <span class='ocrx_word' id='word_1_240' title='bbox 775 1810 917 1863; x_wconf 84' lang='lat' dir='ltr'>miseratio-</span> <span class='ocrx_word' id='word_1_241' title='bbox 935 1795 959 1854; x_wconf 88' lang='lat' dir='ltr'>B</span> <span class='ocrx_word' id='word_1_242' title='bbox 973 1809 1006 1846; x_wconf 92' lang='lat' dir='ltr'>ue</span> <span class='ocrx_word' id='word_1_243' title='bbox 1018 1809 1126 1862; x_wconf 77' lang='lat' dir='ltr'>regnum</span> <span class='ocrx_word' id='word_1_244' title='bbox 1140 1799 1192 1849; x_wconf 86' lang='lat' dir='ltr'>tale</span> <span class='ocrx_word' id='word_1_245' title='bbox 1204 1805 1324 1864; x_wconf 88' lang='lat' dir='ltr'>putares,</span> <span class='ocrx_word' id='word_1_246' title='bbox 1337 1800 1415 1868; x_wconf 86' lang='lat' dir='ltr'>quale</span> <span class='ocrx_word' id='word_1_247' title='bbox 1429 1802 1453 1853; x_wconf 93' lang='lat' dir='ltr'>in</span> <span class='ocrx_word' id='word_1_248' title='bbox 1469 1803 1566 1857; x_wconf 90' lang='lat' dir='ltr'>nrrnrdo</span> <span class='ocrx_word' id='word_1_249' title='bbox 1576 1804 1685 1861; x_wconf 75' lang='lat' dir='ltr'>forsitan</span> <span class='ocrx_word' id='word_1_250' title='bbox 1698 1823 1758 1864; x_wconf 65' lang='lat' dir='ltr'>esse</span> 
     </span>
    </p>
   </div>
   <div class='ocr_carea' id='block_1_11' title="bbox 127 1894 923 3044">
    <p class='ocr_par' dir='ltr' id='par_1_13' title="bbox 127 1894 921 2759">
     <span class='ocr_line' id='line_1_34' title="bbox 127 1894 919 1968; baseline 0.014 -27"><span class='ocrx_word' id='word_1_251' title='bbox 127 1903 172 1942; x_wconf 82' lang='lat' dir='ltr'>raes</span> <span class='ocrx_word' id='word_1_252' title='bbox 187 1902 270 1959; x_wconf 67' lang='lat' dir='ltr'>aspro</span> <span class='ocrx_word' id='word_1_253' title='bbox 282 1904 367 1944; x_wconf 78' lang='lat' dir='ltr'>maer</span> <span class='ocrx_word' id='word_1_254' title='bbox 378 1907 469 1958; x_wconf 77' lang='lat' dir='ltr'>operm</span> <span class='ocrx_word' id='word_1_255' title='bbox 483 1906 545 1947; x_wconf 88' lang='lat' dir='ltr'>suas</span> <span class='ocrx_word' id='word_1_256' title='bbox 561 1894 724 1961; x_wconf 75' lang='lat' dir='ltr'>imperdere,</span> <span class='ocrx_word' id='word_1_257' title='bbox 741 1912 849 1966; x_wconf 82' lang='lat' dir='ltr'>quar-eo</span> <span class='ocrx_word' id='word_1_258' title='bbox 863 1899 919 1968; x_wconf 77' lang='lat' dir='ltr'>pln-</span> 
     </span>
     <span class='ocr_line' id='line_1_35' title="bbox 127 1979 919 2058; baseline 0.01 -24"><span class='ocrx_word' id='word_1_259' title='bbox 127 1979 236 2034; x_wconf 87' lang='lat' dir='ltr'>riautur</span> <span class='ocrx_word' id='word_1_260' title='bbox 253 1982 385 2037; x_wconf 75' lang='lat' dir='ltr'>auctore?</span> <span class='ocrx_word' id='word_1_261' title='bbox 401 1982 476 2037; x_wconf 88' lang='lat' dir='ltr'>Dicat</span> <span class='ocrx_word' id='word_1_262' title='bbox 495 1982 609 2053; x_wconf 92' lang='lat' dir='ltr'>aliquis:</span> <span class='ocrx_word' id='word_1_263' title='bbox 624 1984 678 2039; x_wconf 88' lang='lat' dir='ltr'>Cur</span> <span class='ocrx_word' id='word_1_264' title='bbox 692 2001 755 2058; x_wconf 82' lang='lat' dir='ltr'>ergo</span> <span class='ocrx_word' id='word_1_265' title='bbox 776 1989 919 2043; x_wconf 88' lang='lat' dir='ltr'>damnandi</span> 
     </span>
     <span class='ocr_line' id='line_1_36' title="bbox 127 2072 918 2141; baseline 0.011 -19"><span class='ocrx_word' id='word_1_266' title='bbox 127 2078 371 2136; x_wconf 72' lang='lat' dir='ltr'>conspurcatum,</span> <span class='ocrx_word' id='word_1_267' title='bbox 392 2086 458 2140; x_wconf 85' lang='lat' dir='ltr'>qnos</span> <span class='ocrx_word' id='word_1_268' title='bbox 480 2072 539 2141; x_wconf 84' lang='lat' dir='ltr'>ejus</span> <span class='ocrx_word' id='word_1_269' title='bbox 562 2083 711 2128; x_wconf 88' lang='lat' dir='ltr'>creaturam</span> <span class='ocrx_word' id='word_1_270' title='bbox 727 2091 787 2130; x_wconf 90' lang='lat' dir='ltr'>esse</span> <span class='ocrx_word' id='word_1_271' title='bbox 802 2093 853 2132; x_wconf 92' lang='lat' dir='ltr'>non</span> <span class='ocrx_word' id='word_1_272' title='bbox 868 2078 918 2131; x_wconf 82' lang='lat' dir='ltr'>ilir-</span> 
     </span>
     <span class='ocr_line' id='line_1_37' title="bbox 128 2159 919 2231; baseline 0.008 -17"><span class='ocrx_word' id='word_1_273' title='bbox 128 2159 204 2214; x_wconf 88' lang='lat' dir='ltr'>bium</span> <span class='ocrx_word' id='word_1_274' title='bbox 216 2161 276 2215; x_wconf 77' lang='lat' dir='ltr'>esti</span> <span class='ocrx_word' id='word_1_275' title='bbox 289 2161 341 2215; x_wconf 88' lang='lat' dir='ltr'>Sed</span> <span class='ocrx_word' id='word_1_276' title='bbox 356 2161 459 2230; x_wconf 85' lang='lat' dir='ltr'>respice</span> <span class='ocrx_word' id='word_1_277' title='bbox 472 2163 532 2231; x_wconf 91' lang='lat' dir='ltr'>qnia</span> <span class='ocrx_word' id='word_1_278' title='bbox 549 2164 732 2219; x_wconf 81' lang='lat' dir='ltr'>miserationes</span> <span class='ocrx_word' id='word_1_279' title='bbox 743 2166 919 2220; x_wconf 83' lang='lat' dir='ltr'>conserendas</span> 
     </span>
     <span class='ocr_line' id='line_1_38' title="bbox 128 2253 919 2326; baseline 0.004 -19"><span class='ocrx_word' id='word_1_280' title='bbox 128 2253 196 2308; x_wconf 87' lang='lat' dir='ltr'>dicit</span> <span class='ocrx_word' id='word_1_281' title='bbox 207 2269 286 2323; x_wconf 89' lang='lat' dir='ltr'>supra</span> <span class='ocrx_word' id='word_1_282' title='bbox 299 2269 394 2324; x_wconf 88' lang='lat' dir='ltr'>operas</span> <span class='ocrx_word' id='word_1_283' title='bbox 404 2255 521 2308; x_wconf 93' lang='lat' dir='ltr'>Domini.</span> <span class='ocrx_word' id='word_1_284' title='bbox 535 2254 621 2324; x_wconf 86' lang='lat' dir='ltr'>ipsum</span> <span class='ocrx_word' id='word_1_285' title='bbox 634 2258 704 2311; x_wconf 91' lang='lat' dir='ltr'>enim</span> <span class='ocrx_word' id='word_1_286' title='bbox 715 2272 837 2319; x_wconf 82' lang='lat' dir='ltr'>coronat,</span> <span class='ocrx_word' id='word_1_287' title='bbox 850 2261 919 2326; x_wconf 84' lang='lat' dir='ltr'>quod</span> 
     </span>
     <span class='ocr_line' id='line_1_39' title="bbox 129 2343 919 2415; baseline 0.004 -18"><span class='ocrx_word' id='word_1_288' title='bbox 129 2344 157 2398; x_wconf 90' lang='lat' dir='ltr'>iu</span> <span class='ocrx_word' id='word_1_289' title='bbox 179 2343 258 2397; x_wconf 90' lang='lat' dir='ltr'>uobis</span> <span class='ocrx_word' id='word_1_290' title='bbox 271 2345 375 2398; x_wconf 84' lang='lat' dir='ltr'>occuito</span> <span class='ocrx_word' id='word_1_291' title='bbox 386 2343 486 2412; x_wconf 88' lang='lat' dir='ltr'>judicio</span> <span class='ocrx_word' id='word_1_292' title='bbox 501 2345 585 2413; x_wconf 77' lang='lat' dir='ltr'>gratia</span> <span class='ocrx_word' id='word_1_293' title='bbox 604 2357 769 2414; x_wconf 76' lang='lat' dir='ltr'>prorogante</span> <span class='ocrx_word' id='word_1_294' title='bbox 796 2347 919 2415; x_wconf 59' lang='lat' dir='ltr'>largitum</span> 
     </span>
     <span class='ocr_line' id='line_1_40' title="bbox 130 2431 919 2502; baseline 0.005 -17"><span class='ocrx_word' id='word_1_295' title='bbox 130 2431 196 2486; x_wconf 89' lang='lat' dir='ltr'>illud</span> <span class='ocrx_word' id='word_1_296' title='bbox 220 2431 329 2486; x_wconf 89' lang='lat' dir='ltr'>damnat</span> <span class='ocrx_word' id='word_1_297' title='bbox 344 2434 414 2502; x_wconf 89' lang='lat' dir='ltr'>quod</span> <span class='ocrx_word' id='word_1_298' title='bbox 429 2432 536 2486; x_wconf 86' lang='lat' dir='ltr'>diabolo</span> <span class='ocrx_word' id='word_1_299' title='bbox 559 2433 728 2488; x_wconf 83' lang='lat' dir='ltr'>machinante</span> <span class='ocrx_word' id='word_1_300' title='bbox 748 2435 919 2489; x_wconf 84' lang='lat' dir='ltr'>construitur.</span> 
     </span>
     <span class='ocr_line' id='line_1_41' title="bbox 130 2519 921 2594; baseline 0.005 -20"><span class='ocrx_word' id='word_1_301' title='bbox 130 2519 179 2576; x_wconf 74' lang='lat' dir='ltr'>Vis</span> <span class='ocrx_word' id='word_1_302' title='bbox 191 2521 263 2575; x_wconf 90' lang='lat' dir='ltr'>euim</span> <span class='ocrx_word' id='word_1_303' title='bbox 285 2524 370 2590; x_wconf 85' lang='lat' dir='ltr'>posita</span> <span class='ocrx_word' id='word_1_304' title='bbox 385 2521 527 2576; x_wconf 78' lang='lat' dir='ltr'>verborum</span> <span class='ocrx_word' id='word_1_305' title='bbox 543 2523 621 2576; x_wconf 81' lang='lat' dir='ltr'>solvit</span> <span class='ocrx_word' id='word_1_306' title='bbox 636 2523 834 2577; x_wconf 82' lang='lat' dir='ltr'>alisolutissinre</span> <span class='ocrx_word' id='word_1_307' title='bbox 849 2541 921 2594; x_wconf 86' lang='lat' dir='ltr'>quac·</span> 
     </span>
     <span class='ocr_line' id='line_1_42' title="bbox 130 2611 920 2683; baseline 0.008 -20"><span class='ocrx_word' id='word_1_308' title='bbox 130 2612 258 2667; x_wconf 83' lang='lat' dir='ltr'>stinnenr.</span> <span class='ocrx_word' id='word_1_309' title='bbox 273 2615 358 2681; x_wconf 88' lang='lat' dir='ltr'>Dpera</span> <span class='ocrx_word' id='word_1_310' title='bbox 374 2611 445 2665; x_wconf 89' lang='lat' dir='ltr'>enlm</span> <span class='ocrx_word' id='word_1_311' title='bbox 468 2613 572 2665; x_wconf 88' lang='lat' dir='ltr'>Domini</span> <span class='ocrx_word' id='word_1_312' title='bbox 587 2626 693 2680; x_wconf 85' lang='lat' dir='ltr'>semper</span> <span class='ocrx_word' id='word_1_313' title='bbox 712 2614 852 2683; x_wconf 82' lang='lat' dir='ltr'>eliguntur,</span> <span class='ocrx_word' id='word_1_314' title='bbox 872 2631 920 2669; x_wconf 91' lang='lat' dir='ltr'>no·</span> 
     </span>
     <span class='ocr_line' id='line_1_43' title="bbox 129 2701 791 2759; baseline -0.002 -2"><span class='ocrx_word' id='word_1_315' title='bbox 129 2711 186 2757; x_wconf 87' lang='lat' dir='ltr'>stra</span> <span class='ocrx_word' id='word_1_316' title='bbox 203 2701 244 2756; x_wconf 86' lang='lat' dir='ltr'>ael</span> <span class='ocrx_word' id='word_1_317' title='bbox 260 2701 356 2755; x_wconf 87' lang='lat' dir='ltr'>diaboli</span> <span class='ocrx_word' id='word_1_318' title='bbox 372 2702 430 2756; x_wconf 84' lang='lat' dir='ltr'>sine</span> <span class='ocrx_word' id='word_1_319' title='bbox 444 2703 607 2759; x_wconf 80' lang='lat' dir='ltr'>dubitatione</span> <span class='ocrx_word' id='word_1_320' title='bbox 621 2703 791 2758; x_wconf 85' lang='lat' dir='ltr'>damnantur.</span> 
     </span>
    </p>

    <p class='ocr_par' dir='ltr' id='par_1_14' title="bbox 131 2793 923 3044">
     <span class='ocr_line' id='line_1_44' title="bbox 169 2793 922 2859; baseline 0.003 -13"><span class='ocrx_word' id='word_1_321' title='bbox 169 2793 247 2846; x_wconf 74' lang='lat' dir='ltr'>l&#39;crs.</span> <span class='ocrx_word' id='word_1_322' title='bbox 262 2793 312 2848; x_wconf 82' lang='lat' dir='ltr'>te.</span> <span class='ocrx_word' id='word_1_323' title='bbox 332 2793 391 2847; x_wconf 84' lang='lat' dir='ltr'>Joo.</span> <span class='ocrx_word' id='word_1_324' title='bbox 413 2794 586 2859; x_wconf 70' lang='lat' dir='ltr'>confiteantur·</span> <span class='ocrx_word' id='word_1_325' title='bbox 609 2793 671 2858; x_wconf 81' lang='lat' dir='ltr'>tibi,</span> <span class='ocrx_word' id='word_1_326' title='bbox 690 2793 813 2859; x_wconf 84' lang='lat' dir='ltr'>Domine,</span> <span class='ocrx_word' id='word_1_327' title='bbox 837 2797 922 2848; x_wconf 84' lang='lat' dir='ltr'>cornio</span> 
     </span>
     <span class='ocr_line' id='line_1_45' title="bbox 132 2881 923 2953; baseline 0.008 -19"><span class='ocrx_word' id='word_1_328' title='bbox 132 2897 211 2953; x_wconf 81' lang='lat' dir='ltr'>opero</span> <span class='ocrx_word' id='word_1_329' title='bbox 224 2892 279 2945; x_wconf 88' lang='lat' dir='ltr'>too,</span> <span class='ocrx_word' id='word_1_330' title='bbox 296 2891 319 2935; x_wconf 83' lang='lat' dir='ltr'>et</span> <span class='ocrx_word' id='word_1_331' title='bbox 341 2883 422 2935; x_wconf 78' lang='lat' dir='ltr'>soracti</span> <span class='ocrx_word' id='word_1_332' title='bbox 438 2883 474 2934; x_wconf 89' lang='lat' dir='ltr'>toi</span> <span class='ocrx_word' id='word_1_333' title='bbox 488 2881 634 2936; x_wconf 80' lang='lat' dir='ltr'>berrediront</span> <span class='ocrx_word' id='word_1_334' title='bbox 650 2883 703 2936; x_wconf 85' lang='lat' dir='ltr'>tibi.</span> <span class='ocrx_word' id='word_1_335' title='bbox 721 2885 835 2950; x_wconf 82' lang='lat' dir='ltr'>erartns</span> <span class='ocrx_word' id='word_1_336' title='bbox 850 2887 923 2941; x_wconf 87' lang='lat' dir='ltr'>locus</span> 
     </span>
     <span class='ocr_line' id='line_1_46' title="bbox 131 2969 921 3044; baseline 0.003 -19"><span class='ocrx_word' id='word_1_337' title='bbox 131 2986 149 3025; x_wconf 87' lang='lat' dir='ltr'>a</span> <span class='ocrx_word' id='word_1_338' title='bbox 164 2972 306 3026; x_wconf 81' lang='lat' dir='ltr'>sanctitate</span> <span class='ocrx_word' id='word_1_339' title='bbox 321 2979 454 3025; x_wconf 86' lang='lat' dir='ltr'>narratur.</span> <span class='ocrx_word' id='word_1_340' title='bbox 479 2969 537 3040; x_wconf 91' lang='lat' dir='ltr'>lpsa</span> <span class='ocrx_word' id='word_1_341' title='bbox 555 2981 596 3025; x_wconf 91' lang='lat' dir='ltr'>est</span> <span class='ocrx_word' id='word_1_342' title='bbox 618 2972 687 3025; x_wconf 85' lang='lat' dir='ltr'>enim</span> <span class='ocrx_word' id='word_1_343' title='bbox 702 2976 830 3027; x_wconf 90' lang='lat' dir='ltr'>sanctitas</span> <span class='ocrx_word' id='word_1_344' title='bbox 844 2992 921 3044; x_wconf 86' lang='lat' dir='ltr'>quarn</span> 
     </span>
    </p>
   </div>
   <div class='ocr_carea' id='block_1_12' title="bbox 971 1890 1759 2234">
    <p class='ocr_par' dir='ltr' id='par_1_15' title="bbox 973 1890 1122 1953">
     <span class='ocr_line' id='line_1_47' title="bbox 973 1890 1122 1953; baseline 0 -13"><span class='ocrx_word' id='word_1_345' title='bbox 973 1890 1122 1953; x_wconf 75' lang='lat' dir='ltr'>cognoscis.</span> 
     </span>
    </p>

    <p class='ocr_par' dir='ltr' id='par_1_16' title="bbox 971 1975 1759 2234">
     <span class='ocr_line' id='line_1_48' title="bbox 1009 1975 1759 2043; baseline 0.019 -14"><span class='ocrx_word' id='word_1_346' title='bbox 1009 1975 1085 2029; x_wconf 75' lang='lat' dir='ltr'>Veis.</span> <span class='ocrx_word' id='word_1_347' title='bbox 1101 1978 1143 2029; x_wconf 85' lang='lat' dir='ltr'>ld.</span> <span class='ocrx_word' id='word_1_348' title='bbox 1160 1978 1278 2032; x_wconf 76' lang='lat' dir='ltr'>Saurea.</span> <span class='ocrx_word' id='word_1_349' title='bbox 1295 1977 1394 2033; x_wconf 75' lang='lat' dir='ltr'>Fidelis</span> <span class='ocrx_word' id='word_1_350' title='bbox 1408 1981 1529 2037; x_wconf 87' lang='lat' dir='ltr'>Dominus</span> <span class='ocrx_word' id='word_1_351' title='bbox 1540 1984 1567 2038; x_wconf 87' lang='lat' dir='ltr'>iu</span> <span class='ocrx_word' id='word_1_352' title='bbox 1579 1987 1694 2043; x_wconf 84' lang='lat' dir='ltr'>omnibus</span> <span class='ocrx_word' id='word_1_353' title='bbox 1706 2004 1759 2043; x_wconf 85' lang='lat' dir='ltr'>rer·</span> 
     </span>
     <span class='ocr_line' id='line_1_49' title="bbox 971 2064 1759 2142; baseline 0.022 -25"><span class='ocrx_word' id='word_1_354' title='bbox 971 2064 1008 2118; x_wconf 80' lang='lat' dir='ltr'>bis</span> <span class='ocrx_word' id='word_1_355' title='bbox 1026 2066 1096 2132; x_wconf 87' lang='lat' dir='ltr'>sois,</span> <span class='ocrx_word' id='word_1_356' title='bbox 1112 2078 1135 2120; x_wconf 92' lang='lat' dir='ltr'>ct</span> <span class='ocrx_word' id='word_1_357' title='bbox 1149 2080 1252 2122; x_wconf 80' lang='lat' dir='ltr'>soncior</span> <span class='ocrx_word' id='word_1_358' title='bbox 1266 2071 1293 2121; x_wconf 86' lang='lat' dir='ltr'>in</span> <span class='ocrx_word' id='word_1_359' title='bbox 1312 2071 1428 2124; x_wconf 80' lang='lat' dir='ltr'>omnibus</span> <span class='ocrx_word' id='word_1_360' title='bbox 1448 2074 1563 2142; x_wconf 77' lang='lat' dir='ltr'>operibus</span> <span class='ocrx_word' id='word_1_361' title='bbox 1578 2077 1641 2132; x_wconf 86' lang='lat' dir='ltr'>sois.</span> <span class='ocrx_word' id='word_1_362' title='bbox 1661 2081 1759 2134; x_wconf 85' lang='lat' dir='ltr'>dlleont</span> 
     </span>
     <span class='ocr_line' id='line_1_50' title="bbox 972 2153 1757 2234; baseline 0.022 -27"><span class='ocrx_word' id='word_1_363' title='bbox 972 2153 1097 2209; x_wconf 81' lang='lat' dir='ltr'>Dominus</span> <span class='ocrx_word' id='word_1_364' title='bbox 1120 2173 1206 2211; x_wconf 85' lang='lat' dir='ltr'>omnes</span> <span class='ocrx_word' id='word_1_365' title='bbox 1227 2161 1271 2228; x_wconf 87' lang='lat' dir='ltr'>qai</span> <span class='ocrx_word' id='word_1_366' title='bbox 1288 2172 1425 2228; x_wconf 83' lang='lat' dir='ltr'>corruant,</span> <span class='ocrx_word' id='word_1_367' title='bbox 1441 2172 1465 2214; x_wconf 85' lang='lat' dir='ltr'>et</span> <span class='ocrx_word' id='word_1_368' title='bbox 1486 2165 1559 2234; x_wconf 80' lang='lat' dir='ltr'>eripit</span> <span class='ocrx_word' id='word_1_369' title='bbox 1573 2182 1658 2221; x_wconf 85' lang='lat' dir='ltr'>omues</span> <span class='ocrx_word' id='word_1_370' title='bbox 1672 2169 1757 2223; x_wconf 85' lang='lat' dir='ltr'>elisos.</span> 
     </span>
    </p>
   </div>
   <div class='ocr_carea' id='block_1_13' title="bbox 971 2244 1760 2404">
    <p class='ocr_par' dir='ltr' id='par_1_17' title="bbox 971 2244 1760 2404">
     <span class='ocr_line' id='line_1_51' title="bbox 971 2244 1760 2321; baseline 0.018 -21"><span class='ocrx_word' id='word_1_371' title='bbox 971 2244 1053 2316; x_wconf 66' lang='grc'>489</span> <span class='ocrx_word' id='word_1_372' title='bbox 1074 2248 1191 2302; x_wconf 81' lang='lat' dir='ltr'>Oetaeos</span> <span class='ocrx_word' id='word_1_373' title='bbox 1214 2249 1287 2303; x_wconf 76' lang='lat' dir='ltr'>laicus</span> <span class='ocrx_word' id='word_1_374' title='bbox 1303 2252 1431 2316; x_wconf 85' lang='lat' dir='ltr'>aperitur,</span> <span class='ocrx_word' id='word_1_375' title='bbox 1452 2256 1496 2321; x_wconf 88' lang='lat' dir='ltr'>qni</span> <span class='ocrx_word' id='word_1_376' title='bbox 1512 2255 1608 2310; x_wconf 91' lang='lat' dir='ltr'>dicitur</span> <span class='ocrx_word' id='word_1_377' title='bbox 1628 2259 1662 2311; x_wconf 87' lang='lat' dir='ltr'>ab</span> <span class='ocrx_word' id='word_1_378' title='bbox 1676 2260 1760 2314; x_wconf 90' lang='lat' dir='ltr'>abun·</span> 
     </span>
     <span class='ocr_line' id='line_1_52' title="bbox 971 2335 1760 2404; baseline 0.019 -17"><span class='ocrx_word' id='word_1_379' title='bbox 971 2335 1072 2390; x_wconf 81' lang='lat' dir='ltr'>dotatio.</span> <span class='ocrx_word' id='word_1_380' title='bbox 1087 2340 1143 2404; x_wconf 87' lang='lat' dir='ltr'>ipsa</span> <span class='ocrx_word' id='word_1_381' title='bbox 1155 2350 1195 2391; x_wconf 89' lang='lat' dir='ltr'>est</span> <span class='ocrx_word' id='word_1_382' title='bbox 1208 2355 1214 2390; x_wconf 91' lang='lat'>:</span> <span class='ocrx_word' id='word_1_383' title='bbox 1229 2338 1379 2391; x_wconf 75' lang='lat' dir='ltr'>Meritorium</span> <span class='ocrx_word' id='word_1_384' title='bbox 1390 2342 1553 2397; x_wconf 80' lang='lat' dir='ltr'>atarrrdonrtoe</span> <span class='ocrx_word' id='word_1_385' title='bbox 1563 2349 1694 2402; x_wconf 78' lang='lat' dir='ltr'>antonianis</span> <span class='ocrx_word' id='word_1_386' title='bbox 1710 2361 1760 2402; x_wconf 77' lang='lat' dir='ltr'>ture</span> 
     </span>
    </p>
   </div>
   <div class='ocr_carea' id='block_1_14' title="bbox 971 2426 1760 2591">
    <p class='ocr_par' dir='ltr' id='par_1_18' title="bbox 971 2426 1760 2591">
     <span class='ocr_line' id='line_1_53' title="bbox 971 2426 1760 2506; baseline 0.023 -29"><span class='ocrx_word' id='word_1_387' title='bbox 971 2426 1131 2490; x_wconf 78' lang='lat' dir='ltr'>cructabunt,</span> <span class='ocrx_word' id='word_1_388' title='bbox 1151 2443 1231 2496; x_wconf 89' lang='lat' dir='ltr'>qnam</span> <span class='ocrx_word' id='word_1_389' title='bbox 1250 2429 1373 2497; x_wconf 90' lang='lat' dir='ltr'>superius</span> <span class='ocrx_word' id='word_1_390' title='bbox 1390 2431 1415 2483; x_wconf 92' lang='lat' dir='ltr'>iu</span> <span class='ocrx_word' id='word_1_391' title='bbox 1427 2433 1542 2505; x_wconf 84' lang='lat' dir='ltr'>antelata</span> <span class='ocrx_word' id='word_1_392' title='bbox 1556 2439 1669 2490; x_wconf 86' lang='lat' dir='ltr'>secunda</span> <span class='ocrx_word' id='word_1_393' title='bbox 1686 2454 1760 2506; x_wconf 91' lang='lat' dir='ltr'>parte</span> 
     </span>
     <span class='ocr_line' id='line_1_54' title="bbox 973 2515 1760 2591; baseline 0.022 -24"><span class='ocrx_word' id='word_1_394' title='bbox 973 2517 1141 2570; x_wconf 83' lang='lat' dir='ltr'>memoravit.</span> <span class='ocrx_word' id='word_1_395' title='bbox 1158 2515 1258 2571; x_wconf 78' lang='lat' dir='ltr'>Fidelis</span> <span class='ocrx_word' id='word_1_396' title='bbox 1270 2534 1332 2587; x_wconf 80' lang='lat' dir='ltr'>ergo</span> <span class='ocrx_word' id='word_1_397' title='bbox 1348 2519 1455 2588; x_wconf 91' lang='lat' dir='ltr'>dicitur,</span> <span class='ocrx_word' id='word_1_398' title='bbox 1467 2537 1591 2591; x_wconf 87' lang='lat' dir='ltr'>quomam</span> <span class='ocrx_word' id='word_1_399' title='bbox 1607 2529 1647 2580; x_wconf 88' lang='lat' dir='ltr'>sui</span> <span class='ocrx_word' id='word_1_400' title='bbox 1661 2529 1760 2584; x_wconf 83' lang='lat' dir='ltr'>adven·</span> 
     </span>
    </p>
   </div>
   <div class='ocr_carea' id='block_1_15' title="bbox 973 2610 1759 2682">
    <p class='ocr_par' dir='ltr' id='par_1_19' title="bbox 973 2610 1759 2682">
     <span class='ocr_line' id='line_1_55' title="bbox 973 2610 1759 2682; baseline 0.018 -22"><span class='ocrx_word' id='word_1_401' title='bbox 973 2617 1014 2661; x_wconf 94' lang='lat' dir='ltr'>tus</span> <span class='ocrx_word' id='word_1_402' title='bbox 1027 2610 1156 2675; x_wconf 74' lang='lat' dir='ltr'>promissa</span> <span class='ocrx_word' id='word_1_403' title='bbox 1171 2611 1367 2679; x_wconf 76' lang='lat' dir='ltr'>compleai13et</span> <span class='ocrx_word' id='word_1_404' title='bbox 1381 2629 1433 2666; x_wconf 94' lang='lat' dir='ltr'>non</span> <span class='ocrx_word' id='word_1_405' title='bbox 1449 2614 1473 2665; x_wconf 94' lang='lat' dir='ltr'>in</span> <span class='ocrx_word' id='word_1_406' title='bbox 1491 2617 1592 2682; x_wconf 77' lang='lat' dir='ltr'>parteis,</span> <span class='ocrx_word' id='word_1_407' title='bbox 1606 2619 1653 2672; x_wconf 88' lang='lat' dir='ltr'>scd</span> <span class='ocrx_word' id='word_1_408' title='bbox 1668 2623 1694 2673; x_wconf 86' lang='lat' dir='ltr'>iu</span> <span class='ocrx_word' id='word_1_409' title='bbox 1705 2639 1759 2674; x_wconf 88' lang='lat' dir='ltr'>om-</span> 
     </span>
    </p>
   </div>
   <div class='ocr_carea' id='block_1_16' title="bbox 950 2698 1758 2779">
    <p class='ocr_par' dir='ltr' id='par_1_20' title="bbox 950 2698 1758 2779">
     <span class='ocr_line' id='line_1_56' title="bbox 950 2698 1758 2779; baseline 0.02 -29"><span class='ocrx_word' id='word_1_410' title='bbox 950 2737 952 2743; x_wconf 86' lang='grc'><strong>.</strong></span> <span class='ocrx_word' id='word_1_411' title='bbox 972 2698 1046 2751; x_wconf 84' lang='lat' dir='ltr'>aibas</span> <span class='ocrx_word' id='word_1_412' title='bbox 1060 2699 1140 2752; x_wconf 80' lang='lat' dir='ltr'>aeriis</span> <span class='ocrx_word' id='word_1_413' title='bbox 1155 2701 1218 2754; x_wconf 88' lang='lat' dir='ltr'>sois.</span> <span class='ocrx_word' id='word_1_414' title='bbox 1235 2701 1310 2766; x_wconf 80' lang='lat' dir='ltr'>Quod</span> <span class='ocrx_word' id='word_1_415' title='bbox 1331 2716 1423 2754; x_wconf 80' lang='lat' dir='ltr'>reuera</span> <span class='ocrx_word' id='word_1_416' title='bbox 1445 2703 1494 2772; x_wconf 77' lang='lat' dir='ltr'>ipsi</span> <span class='ocrx_word' id='word_1_417' title='bbox 1510 2707 1559 2758; x_wconf 87' lang='lat' dir='ltr'>soli</span> <span class='ocrx_word' id='word_1_418' title='bbox 1575 2710 1701 2763; x_wconf 80' lang='lat' dir='ltr'>cirnvorait</span> <span class='ocrx_word' id='word_1_419' title='bbox 1715 2714 1758 2779; x_wconf 91' lang='lat' dir='ltr'>qui</span> 
     </span>
    </p>
   </div>
   <div class='ocr_carea' id='block_1_17' title="bbox 971 2788 1760 3046">
    <p class='ocr_par' dir='ltr' id='par_1_21' title="bbox 971 2788 1760 3046">
     <span class='ocr_line' id='line_1_57' title="bbox 971 2788 1760 2855; baseline 0.015 -13"><span class='ocrx_word' id='word_1_420' title='bbox 971 2789 1060 2843; x_wconf 79' lang='lat' dir='ltr'>dixit:</span> <span class='ocrx_word' id='word_1_421' title='bbox 1081 2788 1179 2842; x_wconf 73' lang='lat' dir='ltr'>Corium</span> <span class='ocrx_word' id='word_1_422' title='bbox 1193 2799 1216 2842; x_wconf 85' lang='lat' dir='ltr'>et</span> <span class='ocrx_word' id='word_1_423' title='bbox 1235 2798 1302 2842; x_wconf 86' lang='lat' dir='ltr'>terro</span> <span class='ocrx_word' id='word_1_424' title='bbox 1326 2791 1478 2855; x_wconf 82' lang='lat' dir='ltr'>transibunt,</span> <span class='ocrx_word' id='word_1_425' title='bbox 1503 2795 1576 2847; x_wconf 84' lang='lat' dir='ltr'>aerbo</span> <span class='ocrx_word' id='word_1_426' title='bbox 1598 2806 1681 2849; x_wconf 89' lang='lat' dir='ltr'>ontcm</span> <span class='ocrx_word' id='word_1_427' title='bbox 1705 2817 1760 2854; x_wconf 79' lang='lat' dir='ltr'>arico</span> 
     </span>
     <span class='ocr_line' id='line_1_58' title="bbox 972 2879 1758 2950; baseline 0.017 -20"><span class='ocrx_word' id='word_1_428' title='bbox 972 2896 1022 2931; x_wconf 89' lang='lat' dir='ltr'>nou</span> <span class='ocrx_word' id='word_1_429' title='bbox 1043 2880 1203 2946; x_wconf 68' lang='lat' dir='ltr'>preteribant</span> <span class='ocrx_word' id='word_1_430' title='bbox 1219 2879 1228 2948; x_wconf 88' lang='lat'><strong>(</strong></span> <span class='ocrx_word' id='word_1_431' title='bbox 1243 2879 1335 2932; x_wconf 86' lang='lat' dir='ltr'>llotrir.</span> <span class='ocrx_word' id='word_1_432' title='bbox 1353 2897 1425 2946; x_wconf 80' lang='lat' dir='ltr'>xxiv,</span> <span class='ocrx_word' id='word_1_433' title='bbox 1441 2884 1474 2937; x_wconf 76' lang='lat'>&#39;05</span> <span class='ocrx_word' id='word_1_434' title='bbox 1485 2884 1505 2950; x_wconf 90' lang='grc'>).</span> <span class='ocrx_word' id='word_1_435' title='bbox 1527 2885 1576 2948; x_wconf 81' lang='lat' dir='ltr'>Qui</span> <span class='ocrx_word' id='word_1_436' title='bbox 1591 2888 1658 2941; x_wconf 87' lang='lat' dir='ltr'>sieut</span> <span class='ocrx_word' id='word_1_437' title='bbox 1679 2904 1758 2944; x_wconf 82' lang='lat' dir='ltr'>verax</span> 
     </span>
     <span class='ocr_line' id='line_1_59' title="bbox 973 2968 1758 3046; baseline 0.01 -24"><span class='ocrx_word' id='word_1_438' title='bbox 973 2970 999 3022; x_wconf 90' lang='lat' dir='ltr'>in</span> <span class='ocrx_word' id='word_1_439' title='bbox 1014 2969 1243 3034; x_wconf 85' lang='lat' dir='ltr'>promissionibus,</span> <span class='ocrx_word' id='word_1_440' title='bbox 1258 2968 1292 3023; x_wconf 83' lang='lat' dir='ltr'>ira</span> <span class='ocrx_word' id='word_1_441' title='bbox 1309 2980 1336 3023; x_wconf 92' lang='lat' dir='ltr'>et</span> <span class='ocrx_word' id='word_1_442' title='bbox 1350 2983 1457 3025; x_wconf 90' lang='lat' dir='ltr'>sanctus</span> <span class='ocrx_word' id='word_1_443' title='bbox 1472 2973 1497 3026; x_wconf 93' lang='lat' dir='ltr'>in</span> <span class='ocrx_word' id='word_1_444' title='bbox 1513 2975 1585 3027; x_wconf 93' lang='lat' dir='ltr'>omni</span> <span class='ocrx_word' id='word_1_445' title='bbox 1601 2991 1647 3028; x_wconf 89' lang='lat' dir='ltr'>sua</span> <span class='ocrx_word' id='word_1_446' title='bbox 1663 2993 1758 3046; x_wconf 90' lang='lat' dir='ltr'>opera-</span> 
     </span>
    </p>
   </div>
   <div class='ocr_carea' id='block_1_18' title="bbox 130 3059 1758 3400">
    <p class='ocr_par' dir='ltr' id='par_1_22' title="bbox 130 3059 1758 3400">
     <span class='ocr_line' id='line_1_60' title="bbox 132 3059 1758 3131; baseline 0.006 -21"><span class='ocrx_word' id='word_1_447' title='bbox 132 3063 258 3130; x_wconf 78' lang='lat' dir='ltr'>soperius</span> <span class='ocrx_word' id='word_1_448' title='bbox 273 3059 354 3125; x_wconf 82' lang='lat' dir='ltr'>dixit,</span> <span class='ocrx_word' id='word_1_449' title='bbox 370 3069 399 3114; x_wconf 90' lang='lat' dir='ltr'>ut</span> <span class='ocrx_word' id='word_1_450' title='bbox 411 3063 435 3114; x_wconf 91' lang='lat' dir='ltr'>ei</span> <span class='ocrx_word' id='word_1_451' title='bbox 450 3060 533 3114; x_wconf 86' lang='lat' dir='ltr'>sancti</span> <span class='ocrx_word' id='word_1_452' title='bbox 549 3060 589 3113; x_wconf 88' lang='lat' dir='ltr'>soi</span> <span class='ocrx_word' id='word_1_453' title='bbox 604 3059 720 3114; x_wconf 89' lang='lat' dir='ltr'>debcant</span> <span class='ocrx_word' id='word_1_454' title='bbox 740 3064 879 3131; x_wconf 79' lang='lat' dir='ltr'>confiteri,</span> <span class='ocrx_word' id='word_1_455' title='bbox 898 3067 921 3117; x_wconf 94' lang='lat' dir='ltr'>id</span> <span class='ocrx_word' id='word_1_456' title='bbox 974 3061 1045 3115; x_wconf 91' lang='lat' dir='ltr'>tione</span> <span class='ocrx_word' id='word_1_457' title='bbox 1061 3063 1234 3130; x_wconf 79' lang='lat' dir='ltr'>dignoscitur.</span> <span class='ocrx_word' id='word_1_458' title='bbox 1257 3060 1313 3115; x_wconf 91' lang='lat' dir='ltr'>llnc</span> <span class='ocrx_word' id='word_1_459' title='bbox 1335 3075 1439 3129; x_wconf 87' lang='lat' dir='ltr'>quoque</span> <span class='ocrx_word' id='word_1_460' title='bbox 1453 3063 1485 3114; x_wconf 91' lang='lat' dir='ltr'>ad</span> <span class='ocrx_word' id='word_1_461' title='bbox 1500 3062 1687 3119; x_wconf 82' lang='lat' dir='ltr'>abundantiam</span> <span class='ocrx_word' id='word_1_462' title='bbox 1704 3067 1758 3120; x_wconf 91' lang='lat' dir='ltr'>Do-</span> 
     </span>
     <span class='ocr_line' id='line_1_61' title="bbox 131 3145 1758 3227; baseline 0.002 -20"><span class='ocrx_word' id='word_1_463' title='bbox 131 3163 176 3209; x_wconf 90' lang='lat' dir='ltr'>est</span> <span class='ocrx_word' id='word_1_464' title='bbox 189 3153 250 3207; x_wconf 90' lang='lat' dir='ltr'>boni</span> <span class='ocrx_word' id='word_1_465' title='bbox 261 3153 360 3223; x_wconf 77' lang='lat' dir='ltr'>angeli,</span> <span class='ocrx_word' id='word_1_466' title='bbox 372 3153 576 3215; x_wconf 88' lang='lat' dir='ltr'>dominationes,</span> <span class='ocrx_word' id='word_1_467' title='bbox 589 3164 777 3221; x_wconf 86' lang='lat' dir='ltr'>potestates,et</span> <span class='ocrx_word' id='word_1_468' title='bbox 790 3158 920 3227; x_wconf 87' lang='lat' dir='ltr'>priucipa-</span> <span class='ocrx_word' id='word_1_469' title='bbox 937 3145 959 3204; x_wconf 87' lang='lat' dir='ltr'>C</span> <span class='ocrx_word' id='word_1_470' title='bbox 975 3150 1038 3203; x_wconf 91' lang='lat' dir='ltr'>mini</span> <span class='ocrx_word' id='word_1_471' title='bbox 1062 3165 1113 3203; x_wconf 93' lang='lat' dir='ltr'>non</span> <span class='ocrx_word' id='word_1_472' title='bbox 1130 3159 1171 3202; x_wconf 89' lang='lat' dir='ltr'>est</span> <span class='ocrx_word' id='word_1_473' title='bbox 1189 3150 1299 3203; x_wconf 90' lang='lat' dir='ltr'>dubium</span> <span class='ocrx_word' id='word_1_474' title='bbox 1325 3152 1474 3218; x_wconf 87' lang='lat' dir='ltr'>pertinere,</span> <span class='ocrx_word' id='word_1_475' title='bbox 1497 3155 1602 3220; x_wconf 87' lang='lat' dir='ltr'>qnando</span> <span class='ocrx_word' id='word_1_476' title='bbox 1621 3156 1758 3210; x_wconf 87' lang='lat' dir='ltr'>elevantur</span> 
     </span>
     <span class='ocr_line' id='line_1_62' title="bbox 132 3241 1757 3311; baseline 0.004 -15"><span class='ocrx_word' id='word_1_477' title='bbox 132 3249 186 3308; x_wconf 82' lang='lat' dir='ltr'>tus,</span> <span class='ocrx_word' id='word_1_478' title='bbox 200 3243 242 3296; x_wconf 81' lang='lat' dir='ltr'>vel</span> <span class='ocrx_word' id='word_1_479' title='bbox 253 3243 317 3310; x_wconf 86' lang='lat' dir='ltr'>justi</span> <span class='ocrx_word' id='word_1_480' title='bbox 334 3241 464 3306; x_wconf 88' lang='lat' dir='ltr'>homines,</span> <span class='ocrx_word' id='word_1_481' title='bbox 477 3249 506 3296; x_wconf 91' lang='lat' dir='ltr'>et</span> <span class='ocrx_word' id='word_1_482' title='bbox 524 3242 650 3309; x_wconf 85' lang='lat' dir='ltr'>quidquid</span> <span class='ocrx_word' id='word_1_483' title='bbox 672 3242 777 3297; x_wconf 89' lang='lat' dir='ltr'>beatum</span> <span class='ocrx_word' id='word_1_484' title='bbox 798 3259 857 3299; x_wconf 71' lang='lat' dir='ltr'>essa</span> <span class='ocrx_word' id='word_1_485' title='bbox 878 3261 922 3301; x_wconf 78' lang='grc' dir='ltr'>(ο.</span> <span class='ocrx_word' id='word_1_486' title='bbox 974 3253 1091 3303; x_wconf 82' lang='lat' dir='ltr'>circinos,</span> <span class='ocrx_word' id='word_1_487' title='bbox 1108 3241 1281 3296; x_wconf 84' lang='lat' dir='ltr'>absolvuntur</span> <span class='ocrx_word' id='word_1_488' title='bbox 1295 3243 1350 3310; x_wconf 89' lang='lat' dir='ltr'>rei,</span> <span class='ocrx_word' id='word_1_489' title='bbox 1366 3244 1503 3311; x_wconf 81' lang='lat' dir='ltr'>eriguntur</span> <span class='ocrx_word' id='word_1_490' title='bbox 1516 3247 1583 3299; x_wconf 80' lang='lat' dir='ltr'>elisi.</span> <span class='ocrx_word' id='word_1_491' title='bbox 1600 3247 1672 3302; x_wconf 82' lang='lat' dir='ltr'>&#39;l&#39;une</span> <span class='ocrx_word' id='word_1_492' title='bbox 1686 3254 1757 3304; x_wconf 85' lang='lat' dir='ltr'>enim</span> 
     </span>
     <span class='ocr_line' id='line_1_63' title="bbox 130 3330 1757 3400; baseline 0.007 -18"><span class='ocrx_word' id='word_1_493' title='bbox 130 3330 280 3400; x_wconf 72' lang='lat' dir='ltr'>quescitur.</span> <span class='ocrx_word' id='word_1_494' title='bbox 292 3330 344 3385; x_wconf 86' lang='lat' dir='ltr'>Sed</span> <span class='ocrx_word' id='word_1_495' title='bbox 356 3331 416 3400; x_wconf 91' lang='lat' dir='ltr'>quia</span> <span class='ocrx_word' id='word_1_496' title='bbox 427 3344 521 3384; x_wconf 84' lang='lat' dir='ltr'>omnes</span> <span class='ocrx_word' id='word_1_497' title='bbox 531 3340 660 3384; x_wconf 72' lang='lat' dir='ltr'>creaturae</span> <span class='ocrx_word' id='word_1_498' title='bbox 672 3347 723 3385; x_wconf 86' lang='lat' dir='ltr'>nou</span> <span class='ocrx_word' id='word_1_499' title='bbox 735 3342 797 3386; x_wconf 81' lang='lat' dir='ltr'>saror</span> <span class='ocrx_word' id='word_1_500' title='bbox 808 3336 833 3386; x_wconf 76' lang='lat' dir='ltr'>tu</span> <span class='ocrx_word' id='word_1_501' title='bbox 843 3336 922 3390; x_wconf 67' lang='grc' dir='ltr'>ιῃῑρι.</span> <span class='ocrx_word' id='word_1_502' title='bbox 973 3330 1121 3384; x_wconf 82' lang='lat' dir='ltr'>recordatio</span> <span class='ocrx_word' id='word_1_503' title='bbox 1141 3331 1280 3385; x_wconf 84' lang='lat' dir='ltr'>suavitatis</span> <span class='ocrx_word' id='word_1_504' title='bbox 1300 3332 1382 3400; x_wconf 80' lang='lat' dir='ltr'>ipsius</span> <span class='ocrx_word' id='word_1_505' title='bbox 1405 3333 1526 3400; x_wconf 81' lang='lat' dir='ltr'>liabetur,</span> <span class='ocrx_word' id='word_1_506' title='bbox 1548 3350 1608 3390; x_wconf 92' lang='lat' dir='ltr'>curn</span> <span class='ocrx_word' id='word_1_507' title='bbox 1631 3339 1757 3395; x_wconf 88' lang='lat' dir='ltr'>laetorum</span> 
     </span>
    </p>
   </div>
   <div class='ocr_carea' id='block_1_19' title="bbox 124 3423 941 4491">
    <p class='ocr_par' dir='ltr' id='par_1_23' title="bbox 131 3423 920 3497">
     <span class='ocr_line' id='line_1_64' title="bbox 131 3423 920 3497; baseline 0 -18"><span class='ocrx_word' id='word_1_508' title='bbox 131 3423 239 3480; x_wconf 79' lang='lat' dir='ltr'>laetusli</span> <span class='ocrx_word' id='word_1_509' title='bbox 254 3423 383 3493; x_wconf 82' lang='lat' dir='ltr'>dignitate</span> <span class='ocrx_word' id='word_1_510' title='bbox 396 3423 536 3488; x_wconf 84' lang='lat' dir='ltr'>sublimes,</span> <span class='ocrx_word' id='word_1_511' title='bbox 549 3432 578 3476; x_wconf 94' lang='lat' dir='ltr'>ut</span> <span class='ocrx_word' id='word_1_512' title='bbox 590 3423 707 3490; x_wconf 77' lang='lat' dir='ltr'>inruenti</span> <span class='ocrx_word' id='word_1_513' title='bbox 721 3464 729 3487; x_wconf 93' lang='lat'>,</span> <span class='ocrx_word' id='word_1_514' title='bbox 743 3439 818 3489; x_wconf 82' lang='lat' dir='ltr'>sara,</span> <span class='ocrx_word' id='word_1_515' title='bbox 834 3428 920 3497; x_wconf 81' lang='lat' dir='ltr'>tigna,</span> 
     </span>
    </p>

    <p class='ocr_par' dir='ltr' id='par_1_24' title="bbox 131 3512 923 3583">
     <span class='ocr_line' id='line_1_65' title="bbox 131 3512 923 3583; baseline 0.005 -16"><span class='ocrx_word' id='word_1_516' title='bbox 131 3524 222 3577; x_wconf 85' lang='lat' dir='ltr'>terra,</span> <span class='ocrx_word' id='word_1_517' title='bbox 238 3513 280 3567; x_wconf 89' lang='lat' dir='ltr'>rel</span> <span class='ocrx_word' id='word_1_518' title='bbox 303 3513 344 3566; x_wconf 86' lang='lat' dir='ltr'>lais</span> <span class='ocrx_word' id='word_1_519' title='bbox 364 3513 471 3577; x_wconf 81' lang='lat' dir='ltr'>similia,</span> <span class='ocrx_word' id='word_1_520' title='bbox 487 3512 620 3581; x_wconf 88' lang='lat' dir='ltr'>quomodo</span> <span class='ocrx_word' id='word_1_521' title='bbox 636 3512 709 3567; x_wconf 91' lang='lat' dir='ltr'>illum</span> <span class='ocrx_word' id='word_1_522' title='bbox 726 3516 823 3583; x_wconf 86' lang='lat' dir='ltr'>poterit</span> <span class='ocrx_word' id='word_1_523' title='bbox 834 3518 923 3572; x_wconf 88' lang='lat' dir='ltr'>omnis</span> 
     </span>
    </p>

    <p class='ocr_par' dir='ltr' id='par_1_25' title="bbox 129 3604 919 3676">
     <span class='ocr_line' id='line_1_66' title="bbox 129 3604 919 3676; baseline 0.001 -15"><span class='ocrx_word' id='word_1_524' title='bbox 129 3619 252 3663; x_wconf 87' lang='lat' dir='ltr'>creatura</span> <span class='ocrx_word' id='word_1_525' title='bbox 265 3605 429 3676; x_wconf 78' lang='lat' dir='ltr'>praedicare?</span> <span class='ocrx_word' id='word_1_526' title='bbox 440 3604 588 3660; x_wconf 86' lang='lat' dir='ltr'>Coulltetur</span> <span class='ocrx_word' id='word_1_527' title='bbox 598 3605 677 3674; x_wconf 88' lang='lat' dir='ltr'>plane</span> <span class='ocrx_word' id='word_1_528' title='bbox 688 3607 713 3660; x_wconf 91' lang='lat' dir='ltr'>in</span> <span class='ocrx_word' id='word_1_529' title='bbox 728 3606 777 3661; x_wconf 82' lang='lat' dir='ltr'>boc</span> <span class='ocrx_word' id='word_1_530' title='bbox 787 3610 858 3675; x_wconf 91' lang='lat' dir='ltr'>quod</span> <span class='ocrx_word' id='word_1_531' title='bbox 869 3618 919 3673; x_wconf 89' lang='lat' dir='ltr'>est,</span> 
     </span>
    </p>

    <p class='ocr_par' dir='ltr' id='par_1_26' title="bbox 128 3696 941 3856">
     <span class='ocr_line' id='line_1_67' title="bbox 128 3696 941 3777; baseline -0.005 -25"><span class='ocrx_word' id='word_1_532' title='bbox 128 3697 194 3752; x_wconf 86' lang='lat' dir='ltr'>dom</span> <span class='ocrx_word' id='word_1_533' title='bbox 212 3713 289 3752; x_wconf 86' lang='lat' dir='ltr'>suum</span> <span class='ocrx_word' id='word_1_534' title='bbox 303 3697 453 3766; x_wconf 74' lang='lat' dir='ltr'>glorificare</span> <span class='ocrx_word' id='word_1_535' title='bbox 469 3696 530 3750; x_wconf 88' lang='lat' dir='ltr'>lacit</span> <span class='ocrx_word' id='word_1_536' title='bbox 546 3705 698 3759; x_wconf 90' lang='lat' dir='ltr'>auctorem,</span> <span class='ocrx_word' id='word_1_537' title='bbox 714 3696 758 3765; x_wconf 88' lang='lat' dir='ltr'>qui</span> <span class='ocrx_word' id='word_1_538' title='bbox 772 3699 859 3750; x_wconf 86' lang='lat' dir='ltr'>arnoia</span> <span class='ocrx_word' id='word_1_539' title='bbox 875 3703 921 3750; x_wconf 85' lang='lat' dir='ltr'>ad-</span> <span class='ocrx_word' id='word_1_540' title='bbox 939 3771 941 3777; x_wconf 27' lang='grc' dir='ltr'>Ι</span> 
     </span>
     <span class='ocr_line' id='line_1_68' title="bbox 130 3785 921 3856; baseline -0.001 -14"><span class='ocrx_word' id='word_1_541' title='bbox 130 3788 248 3843; x_wconf 85' lang='lat' dir='ltr'>mirabili</span> <span class='ocrx_word' id='word_1_542' title='bbox 273 3787 448 3854; x_wconf 88' lang='lat' dir='ltr'>dispositione</span> <span class='ocrx_word' id='word_1_543' title='bbox 464 3785 594 3853; x_wconf 78' lang='lat' dir='ltr'>perierit3</span> <span class='ocrx_word' id='word_1_544' title='bbox 617 3795 645 3840; x_wconf 96' lang='lat' dir='ltr'>ut</span> <span class='ocrx_word' id='word_1_545' title='bbox 667 3796 713 3841; x_wconf 88' lang='lat' dir='ltr'>aot</span> <span class='ocrx_word' id='word_1_546' title='bbox 737 3801 783 3855; x_wconf 90' lang='lat' dir='ltr'>pcr</span> <span class='ocrx_word' id='word_1_547' title='bbox 806 3802 834 3841; x_wconf 89' lang='lat' dir='ltr'>se</span> <span class='ocrx_word' id='word_1_548' title='bbox 857 3788 921 3856; x_wconf 81' lang='lat' dir='ltr'>ipsae</span> 
     </span>
    </p>

    <p class='ocr_par' dir='ltr' id='par_1_27' title="bbox 130 3871 919 3947">
     <span class='ocr_line' id='line_1_69' title="bbox 130 3871 919 3947; baseline 0 -15"><span class='ocrx_word' id='word_1_549' title='bbox 130 3889 262 3934; x_wconf 72' lang='lat' dir='ltr'>creaturae</span> <span class='ocrx_word' id='word_1_550' title='bbox 273 3878 391 3940; x_wconf 88' lang='lat' dir='ltr'>landent,</span> <span class='ocrx_word' id='word_1_551' title='bbox 401 3871 449 3930; x_wconf 69' lang='lat' dir='ltr'>aut&#39;</span> <span class='ocrx_word' id='word_1_552' title='bbox 458 3892 505 3945; x_wconf 90' lang='lat' dir='ltr'>per</span> <span class='ocrx_word' id='word_1_553' title='bbox 515 3877 657 3932; x_wconf 83' lang='lat' dir='ltr'>rationales</span> <span class='ocrx_word' id='word_1_554' title='bbox 667 3876 827 3931; x_wconf 68' lang='lat' dir='ltr'>snbs‘nutias</span> <span class='ocrx_word' id='word_1_555' title='bbox 839 3892 919 3947; x_wconf 89' lang='lat' dir='ltr'>opera</span> 
     </span>
    </p>

    <p class='ocr_par' dir='ltr' id='par_1_28' title="bbox 130 3965 618 4036">
     <span class='ocr_line' id='line_1_70' title="bbox 130 3965 618 4036; baseline -0.004 -13"><span class='ocrx_word' id='word_1_556' title='bbox 130 3968 238 4023; x_wconf 90' lang='lat' dir='ltr'>Domini</span> <span class='ocrx_word' id='word_1_557' title='bbox 254 3968 331 4023; x_wconf 90' lang='lat' dir='ltr'>ralde</span> <span class='ocrx_word' id='word_1_558' title='bbox 345 3969 413 4022; x_wconf 89' lang='lat' dir='ltr'>bona</span> <span class='ocrx_word' id='word_1_559' title='bbox 431 3965 618 4036; x_wconf 70' lang='lat' dir='ltr'>predicentur.</span> 
     </span>
    </p>

    <p class='ocr_par' dir='ltr' id='par_1_29' title="bbox 124 4058 920 4491">
     <span class='ocr_line' id='line_1_71' title="bbox 167 4058 920 4131; baseline -0.004 -16"><span class='ocrx_word' id='word_1_560' title='bbox 167 4060 244 4115; x_wconf 77' lang='lat' dir='ltr'>Vera.</span> <span class='ocrx_word' id='word_1_561' title='bbox 265 4059 309 4114; x_wconf 91' lang='grc'>11.</span> <span class='ocrx_word' id='word_1_562' title='bbox 328 4059 410 4114; x_wconf 81' lang='lat' dir='ltr'>Creu.</span> <span class='ocrx_word' id='word_1_563' title='bbox 429 4058 544 4112; x_wconf 83' lang='lat' dir='ltr'>Gloriam</span> <span class='ocrx_word' id='word_1_564' title='bbox 559 4060 629 4129; x_wconf 69' lang='lat' dir='ltr'>siqua·</span> <span class='ocrx_word' id='word_1_565' title='bbox 650 4059 685 4112; x_wconf 86' lang='lat' dir='ltr'>toi</span> <span class='ocrx_word' id='word_1_566' title='bbox 706 4059 806 4125; x_wconf 82' lang='lat' dir='ltr'>dicerit,</span> <span class='ocrx_word' id='word_1_567' title='bbox 829 4068 852 4112; x_wconf 91' lang='lat' dir='ltr'>et</span> <span class='ocrx_word' id='word_1_568' title='bbox 868 4076 920 4131; x_wconf 85' lang='lat' dir='ltr'>po·</span> 
     </span>
     <span class='ocr_line' id='line_1_72' title="bbox 126 4149 919 4220; baseline -0.003 -15"><span class='ocrx_word' id='word_1_569' title='bbox 126 4152 234 4205; x_wconf 82' lang='lat' dir='ltr'>tentiam</span> <span class='ocrx_word' id='word_1_570' title='bbox 246 4159 317 4204; x_wconf 83' lang='lat' dir='ltr'>tuom</span> <span class='ocrx_word' id='word_1_571' title='bbox 332 4150 474 4220; x_wconf 80' lang='lat' dir='ltr'>loquentur.</span> <span class='ocrx_word' id='word_1_572' title='bbox 487 4150 599 4214; x_wconf 87' lang='lat' dir='ltr'>Quintus</span> <span class='ocrx_word' id='word_1_573' title='bbox 613 4164 626 4202; x_wconf 90' lang='lat' dir='ltr'>a</span> <span class='ocrx_word' id='word_1_574' title='bbox 643 4149 809 4205; x_wconf 89' lang='lat' dir='ltr'>mirabilibus</span> <span class='ocrx_word' id='word_1_575' title='bbox 823 4150 919 4219; x_wconf 89' lang='lat' dir='ltr'>produ·</span> 
     </span>
     <span class='ocr_line' id='line_1_73' title="bbox 125 4240 918 4308; baseline -0.003 -10"><span class='ocrx_word' id='word_1_576' title='bbox 125 4243 198 4298; x_wconf 86' lang='lat' dir='ltr'>citur</span> <span class='ocrx_word' id='word_1_577' title='bbox 222 4242 305 4297; x_wconf 86' lang='lat' dir='ltr'>locus.</span> <span class='ocrx_word' id='word_1_578' title='bbox 329 4242 414 4306; x_wconf 80' lang='lat' dir='ltr'>Quam</span> <span class='ocrx_word' id='word_1_579' title='bbox 438 4240 567 4295; x_wconf 88' lang='lat' dir='ltr'>mirabilis</span> <span class='ocrx_word' id='word_1_580' title='bbox 590 4240 661 4295; x_wconf 91' lang='lat' dir='ltr'>enim</span> <span class='ocrx_word' id='word_1_581' title='bbox 681 4241 770 4306; x_wconf 89' lang='lat' dir='ltr'>Deus,</span> <span class='ocrx_word' id='word_1_582' title='bbox 785 4243 828 4308; x_wconf 92' lang='lat' dir='ltr'>qui</span> <span class='ocrx_word' id='word_1_583' title='bbox 853 4240 918 4296; x_wconf 86' lang='lat' dir='ltr'>lecit</span> 
     </span>
     <span class='ocr_line' id='line_1_74' title="bbox 124 4331 917 4402; baseline -0.005 -12"><span class='ocrx_word' id='word_1_584' title='bbox 124 4335 227 4390; x_wconf 80' lang='lat' dir='ltr'>coelunr</span> <span class='ocrx_word' id='word_1_585' title='bbox 242 4340 270 4386; x_wconf 89' lang='lat' dir='ltr'>et</span> <span class='ocrx_word' id='word_1_586' title='bbox 284 4343 392 4400; x_wconf 88' lang='lat' dir='ltr'>terram,</span> <span class='ocrx_word' id='word_1_587' title='bbox 409 4346 493 4402; x_wconf 83' lang='lat' dir='ltr'>eaque</span> <span class='ocrx_word' id='word_1_588' title='bbox 508 4331 621 4386; x_wconf 86' lang='lat' dir='ltr'>diversis</span> <span class='ocrx_word' id='word_1_589' title='bbox 637 4332 713 4386; x_wconf 88' lang='lat' dir='ltr'>bonis</span> <span class='ocrx_word' id='word_1_590' title='bbox 726 4333 858 4400; x_wconf 87' lang='lat' dir='ltr'>stupenda</span> <span class='ocrx_word' id='word_1_591' title='bbox 873 4348 917 4386; x_wconf 86' lang='lat' dir='ltr'>ra·</span> 
     </span>
     <span class='ocr_line' id='line_1_75' title="bbox 124 4422 916 4491; baseline -0.008 -11"><span class='ocrx_word' id='word_1_592' title='bbox 124 4424 224 4480; x_wconf 74' lang='grc' dir='ltr'><strong>ιίειειε</strong></span> <span class='ocrx_word' id='word_1_593' title='bbox 239 4424 396 4491; x_wconf 85' lang='lat' dir='ltr'>complevit!</span> <span class='ocrx_word' id='word_1_594' title='bbox 418 4422 445 4477; x_wconf 90' lang='lat' dir='ltr'>lu</span> <span class='ocrx_word' id='word_1_595' title='bbox 460 4422 548 4491; x_wconf 82' lang='lat' dir='ltr'>paruis</span> <span class='ocrx_word' id='word_1_596' title='bbox 562 4424 631 4476; x_wconf 89' lang='lat' dir='ltr'>euim</span> <span class='ocrx_word' id='word_1_597' title='bbox 647 4432 689 4477; x_wconf 88' lang='lat' dir='ltr'>est</span> <span class='ocrx_word' id='word_1_598' title='bbox 701 4438 824 4477; x_wconf 89' lang='lat' dir='ltr'>mensura</span> <span class='ocrx_word' id='word_1_599' title='bbox 840 4422 897 4477; x_wconf 84' lang='lat' dir='ltr'>suli</span> <span class='ocrx_word' id='word_1_600' title='bbox 904 4451 916 4464; x_wconf 91' lang='lat'><strong>·</strong></span> 
     </span>
    </p>
   </div>
   <div class='ocr_carea' id='block_1_20' title="bbox 968 3421 1759 4486">
    <p class='ocr_par' dir='ltr' id='par_1_30' title="bbox 971 3421 1759 4301">
     <span class='ocr_line' id='line_1_76' title="bbox 973 3421 1757 3498; baseline 0.014 -26"><span class='ocrx_word' id='word_1_601' title='bbox 973 3423 1064 3473; x_wconf 90' lang='lat' dir='ltr'>talium</span> <span class='ocrx_word' id='word_1_602' title='bbox 1076 3421 1159 3474; x_wconf 80' lang='lat' dir='ltr'>uirtus</span> <span class='ocrx_word' id='word_1_603' title='bbox 1169 3421 1307 3490; x_wconf 90' lang='lat' dir='ltr'>aspicitur,</span> <span class='ocrx_word' id='word_1_604' title='bbox 1325 3432 1351 3476; x_wconf 91' lang='lat' dir='ltr'>ct</span> <span class='ocrx_word' id='word_1_605' title='bbox 1365 3432 1501 3477; x_wconf 84' lang='lat' dir='ltr'>eructatur</span> <span class='ocrx_word' id='word_1_606' title='bbox 1515 3425 1540 3477; x_wconf 95' lang='lat' dir='ltr'>in</span> <span class='ocrx_word' id='word_1_607' title='bbox 1555 3424 1676 3481; x_wconf 83' lang='lat' dir='ltr'>laudibus</span> <span class='ocrx_word' id='word_1_608' title='bbox 1688 3428 1757 3498; x_wconf 74' lang='lat' dir='ltr'>ejus,</span> 
     </span>
     <span class='ocr_line' id='line_1_77' title="bbox 973 3511 1755 3588; baseline 0.017 -27"><span class='ocrx_word' id='word_1_609' title='bbox 973 3511 1015 3578; x_wconf 92' lang='lat' dir='ltr'>qni</span> <span class='ocrx_word' id='word_1_610' title='bbox 1031 3511 1152 3580; x_wconf 81' lang='lat' dir='ltr'>diguatus</span> <span class='ocrx_word' id='word_1_611' title='bbox 1170 3521 1212 3566; x_wconf 89' lang='lat' dir='ltr'>est</span> <span class='ocrx_word' id='word_1_612' title='bbox 1225 3512 1260 3567; x_wconf 88' lang='lat' dir='ltr'>de</span> <span class='ocrx_word' id='word_1_613' title='bbox 1280 3522 1410 3579; x_wconf 90' lang='lat' dir='ltr'>potestate</span> <span class='ocrx_word' id='word_1_614' title='bbox 1430 3514 1528 3569; x_wconf 87' lang='lat' dir='ltr'>diaboli</span> <span class='ocrx_word' id='word_1_615' title='bbox 1542 3517 1645 3584; x_wconf 89' lang='lat' dir='ltr'>cripere</span> <span class='ocrx_word' id='word_1_616' title='bbox 1664 3533 1755 3588; x_wconf 85' lang='lat' dir='ltr'>pccca-</span> 
     </span>
     <span class='ocr_line' id='line_1_78' title="bbox 973 3600 1759 3669; baseline 0.015 -17"><span class='ocrx_word' id='word_1_617' title='bbox 973 3607 1068 3654; x_wconf 89' lang='lat' dir='ltr'>torem.</span> <span class='ocrx_word' id='word_1_618' title='bbox 1086 3600 1119 3653; x_wconf 79' lang='lat' dir='ltr'>Et</span> <span class='ocrx_word' id='word_1_619' title='bbox 1131 3600 1190 3654; x_wconf 85' lang='lat' dir='ltr'>vide</span> <span class='ocrx_word' id='word_1_620' title='bbox 1205 3601 1330 3669; x_wconf 89' lang='lat' dir='ltr'>quoniam</span> <span class='ocrx_word' id='word_1_621' title='bbox 1345 3613 1373 3656; x_wconf 88' lang='lat' dir='ltr'>et</span> <span class='ocrx_word' id='word_1_622' title='bbox 1392 3603 1434 3656; x_wconf 90' lang='lat' dir='ltr'>lrie</span> <span class='ocrx_word' id='word_1_623' title='bbox 1446 3603 1505 3658; x_wconf 81' lang='lat' dir='ltr'>duo</span> <span class='ocrx_word' id='word_1_624' title='bbox 1518 3620 1563 3660; x_wconf 87' lang='lat' dir='ltr'>res</span> <span class='ocrx_word' id='word_1_625' title='bbox 1582 3606 1694 3662; x_wconf 88' lang='lat' dir='ltr'>Domino</span> <span class='ocrx_word' id='word_1_626' title='bbox 1713 3611 1759 3664; x_wconf 91' lang='lat' dir='ltr'>de-</span> 
     </span>
     <span class='ocr_line' id='line_1_79' title="bbox 973 3692 1759 3765; baseline 0.014 -21"><span class='ocrx_word' id='word_1_627' title='bbox 973 3699 1114 3760; x_wconf 76' lang='lat' dir='ltr'>putantur:</span> <span class='ocrx_word' id='word_1_628' title='bbox 1130 3692 1186 3758; x_wconf 85' lang='lat' dir='ltr'>ipse</span> <span class='ocrx_word' id='word_1_629' title='bbox 1201 3695 1271 3746; x_wconf 88' lang='lat' dir='ltr'>enim</span> <span class='ocrx_word' id='word_1_630' title='bbox 1286 3693 1386 3748; x_wconf 79' lang='lat' dir='ltr'>silenat</span> <span class='ocrx_word' id='word_1_631' title='bbox 1399 3705 1521 3759; x_wconf 87' lang='lat' dir='ltr'>ruentes,</span> <span class='ocrx_word' id='word_1_632' title='bbox 1536 3699 1581 3765; x_wconf 87' lang='lat' dir='ltr'>qui</span> <span class='ocrx_word' id='word_1_633' title='bbox 1602 3699 1690 3754; x_wconf 86' lang='lat' dir='ltr'>adhue</span> <span class='ocrx_word' id='word_1_634' title='bbox 1710 3704 1759 3755; x_wconf 86' lang='lat' dir='ltr'>nii·</span> 
     </span>
     <span class='ocr_line' id='line_1_80' title="bbox 973 3785 1757 3859; baseline 0.011 -22"><span class='ocrx_word' id='word_1_635' title='bbox 973 3788 1043 3839; x_wconf 87' lang='lat' dir='ltr'>n&#39;me</span> <span class='ocrx_word' id='word_1_636' title='bbox 1062 3794 1233 3849; x_wconf 81' lang='lat' dir='ltr'>corruerum3</span> <span class='ocrx_word' id='word_1_637' title='bbox 1250 3785 1306 3853; x_wconf 88' lang='lat' dir='ltr'>ipse</span> <span class='ocrx_word' id='word_1_638' title='bbox 1323 3787 1401 3854; x_wconf 79' lang='lat' dir='ltr'>erigit</span> <span class='ocrx_word' id='word_1_639' title='bbox 1419 3787 1510 3852; x_wconf 84' lang='lat' dir='ltr'>elisos,</span> <span class='ocrx_word' id='word_1_640' title='bbox 1526 3789 1570 3856; x_wconf 90' lang='lat' dir='ltr'>qui</span> <span class='ocrx_word' id='word_1_641' title='bbox 1584 3790 1639 3859; x_wconf 83' lang='lat' dir='ltr'>juin</span> <span class='ocrx_word' id='word_1_642' title='bbox 1654 3792 1757 3846; x_wconf 90' lang='lat' dir='ltr'>ruinam</span> 
     </span>
     <span class='ocr_line' id='line_1_81' title="bbox 971 3874 1755 3945; baseline 0.008 -18"><span class='ocrx_word' id='word_1_643' title='bbox 971 3874 1130 3929; x_wconf 88' lang='lat' dir='ltr'>sustinuisse</span> <span class='ocrx_word' id='word_1_644' title='bbox 1144 3883 1303 3930; x_wconf 88' lang='lat' dir='ltr'>noscuntur.</span> <span class='ocrx_word' id='word_1_645' title='bbox 1320 3875 1422 3942; x_wconf 87' lang='lat' dir='ltr'>llerito,</span> <span class='ocrx_word' id='word_1_646' title='bbox 1439 3878 1563 3945; x_wconf 91' lang='lat' dir='ltr'>quoniam</span> <span class='ocrx_word' id='word_1_647' title='bbox 1580 3894 1614 3935; x_wconf 87' lang='lat' dir='ltr'>ne</span> <span class='ocrx_word' id='word_1_648' title='bbox 1627 3881 1755 3936; x_wconf 81' lang='lat' dir='ltr'>cadamus</span> 
     </span>
     <span class='ocr_line' id='line_1_82' title="bbox 971 3958 1758 4040; baseline 0.008 -22"><span class='ocrx_word' id='word_1_649' title='bbox 971 3965 1030 4033; x_wconf 88' lang='lat' dir='ltr'>ipso</span> <span class='ocrx_word' id='word_1_650' title='bbox 1049 3963 1158 4019; x_wconf 90' lang='lat' dir='ltr'>custode</span> <span class='ocrx_word' id='word_1_651' title='bbox 1172 3958 1356 4028; x_wconf 78' lang='lat' dir='ltr'>defendimur;</span> <span class='ocrx_word' id='word_1_652' title='bbox 1371 3972 1400 4017; x_wconf 91' lang='lat' dir='ltr'>ut</span> <span class='ocrx_word' id='word_1_653' title='bbox 1419 3979 1481 4019; x_wconf 84' lang='lat' dir='ltr'>reru</span> <span class='ocrx_word' id='word_1_654' title='bbox 1502 3969 1626 4034; x_wconf 79' lang='lat' dir='ltr'>prostrati</span> <span class='ocrx_word' id='word_1_655' title='bbox 1648 3985 1758 4040; x_wconf 73' lang='lat' dir='ltr'>surpere</span> 
     </span>
     <span class='ocr_line' id='line_1_83' title="bbox 971 4052 1755 4120; baseline 0.013 -15"><span class='ocrx_word' id='word_1_656' title='bbox 971 4055 1125 4119; x_wconf 81' lang='lat' dir='ltr'>soleamus,</span> <span class='ocrx_word' id='word_1_657' title='bbox 1148 4052 1247 4108; x_wconf 82' lang='lat' dir='ltr'>virtute</span> <span class='ocrx_word' id='word_1_658' title='bbox 1270 4054 1354 4120; x_wconf 87' lang='lat' dir='ltr'>ipsius</span> <span class='ocrx_word' id='word_1_659' title='bbox 1376 4054 1550 4110; x_wconf 87' lang='lat' dir='ltr'>nibilominus</span> <span class='ocrx_word' id='word_1_660' title='bbox 1576 4058 1755 4116; x_wconf 81' lang='lat' dir='ltr'>sublevamur.</span> 
     </span>
     <span class='ocr_line' id='line_1_84' title="bbox 972 4141 1756 4214; baseline 0.006 -18"><span class='ocrx_word' id='word_1_661' title='bbox 972 4143 1032 4196; x_wconf 75' lang='lat' dir='ltr'>llaec</span> <span class='ocrx_word' id='word_1_662' title='bbox 1052 4142 1121 4197; x_wconf 86' lang='lat' dir='ltr'>eninr</span> <span class='ocrx_word' id='word_1_663' title='bbox 1137 4151 1163 4195; x_wconf 90' lang='lat' dir='ltr'>et</span> <span class='ocrx_word' id='word_1_664' title='bbox 1178 4141 1240 4195; x_wconf 90' lang='lat' dir='ltr'>talia</span> <span class='ocrx_word' id='word_1_665' title='bbox 1254 4156 1300 4208; x_wconf 89' lang='lat' dir='ltr'>per</span> <span class='ocrx_word' id='word_1_666' title='bbox 1314 4141 1502 4196; x_wconf 84' lang='lat' dir='ltr'>atruadanrtuu</span> <span class='ocrx_word' id='word_1_667' title='bbox 1515 4144 1653 4199; x_wconf 75' lang='lat' dir='ltr'>suauitatis</span> <span class='ocrx_word' id='word_1_668' title='bbox 1672 4147 1756 4214; x_wconf 86' lang='lat' dir='ltr'>ipsius</span> 
     </span>
     <span class='ocr_line' id='line_1_85' title="bbox 971 4230 1376 4301; baseline 0 -16"><span class='ocrx_word' id='word_1_669' title='bbox 971 4233 1027 4287; x_wconf 83' lang='lat' dir='ltr'>beri</span> <span class='ocrx_word' id='word_1_670' title='bbox 1045 4246 1121 4301; x_wconf 88' lang='lat' dir='ltr'>posse</span> <span class='ocrx_word' id='word_1_671' title='bbox 1135 4246 1186 4285; x_wconf 92' lang='lat' dir='ltr'>non</span> <span class='ocrx_word' id='word_1_672' title='bbox 1202 4230 1312 4284; x_wconf 89' lang='lat' dir='ltr'>dubium</span> <span class='ocrx_word' id='word_1_673' title='bbox 1325 4240 1376 4286; x_wconf 91' lang='lat' dir='ltr'>est.</span> 
     </span>
    </p>

    <p class='ocr_par' dir='ltr' id='par_1_31' title="bbox 968 4320 1757 4486">
     <span class='ocr_line' id='line_1_86' title="bbox 1008 4320 1755 4391; baseline 0.004 -15"><span class='ocrx_word' id='word_1_674' title='bbox 1008 4324 1081 4377; x_wconf 74' lang='lat' dir='ltr'>vers.</span> <span class='ocrx_word' id='word_1_675' title='bbox 1104 4323 1148 4377; x_wconf 84' lang='grc'>15.</span> <span class='ocrx_word' id='word_1_676' title='bbox 1169 4321 1229 4375; x_wconf 82' lang='lat' dir='ltr'>dia.</span> <span class='ocrx_word' id='word_1_677' title='bbox 1251 4320 1325 4373; x_wconf 79' lang='lat' dir='ltr'>Dardi</span> <span class='ocrx_word' id='word_1_678' title='bbox 1347 4323 1460 4374; x_wconf 82' lang='lat' dir='ltr'>omniurn</span> <span class='ocrx_word' id='word_1_679' title='bbox 1481 4322 1508 4375; x_wconf 89' lang='lat' dir='ltr'>iu</span> <span class='ocrx_word' id='word_1_680' title='bbox 1528 4332 1550 4376; x_wconf 86' lang='lat' dir='ltr'>te</span> <span class='ocrx_word' id='word_1_681' title='bbox 1569 4332 1684 4391; x_wconf 84' lang='lat' dir='ltr'>sperant.</span> <span class='ocrx_word' id='word_1_682' title='bbox 1702 4323 1755 4379; x_wconf 90' lang='lat' dir='ltr'>Do·</span> 
     </span>
     <span class='ocr_line' id='line_1_87' title="bbox 968 4411 1757 4486; baseline 0.003 -18"><span class='ocrx_word' id='word_1_683' title='bbox 968 4416 1045 4480; x_wconf 84' lang='lat' dir='ltr'>oriae,</span> <span class='ocrx_word' id='word_1_684' title='bbox 1058 4425 1081 4469; x_wconf 88' lang='lat' dir='ltr'>et</span> <span class='ocrx_word' id='word_1_685' title='bbox 1096 4424 1122 4466; x_wconf 88' lang='lat' dir='ltr'>ta</span> <span class='ocrx_word' id='word_1_686' title='bbox 1138 4415 1184 4467; x_wconf 86' lang='lat' dir='ltr'>dos</span> <span class='ocrx_word' id='word_1_687' title='bbox 1196 4429 1279 4468; x_wconf 81' lang='lat' dir='ltr'>erroro</span> <span class='ocrx_word' id='word_1_688' title='bbox 1292 4412 1345 4465; x_wconf 86' lang='lat' dir='ltr'>illis</span> <span class='ocrx_word' id='word_1_689' title='bbox 1359 4411 1445 4483; x_wconf 77' lang='lat' dir='ltr'>[mss.</span> <span class='ocrx_word' id='word_1_690' title='bbox 1462 4416 1512 4479; x_wconf 85' lang='lat' dir='ltr'>d.,</span> <span class='ocrx_word' id='word_1_691' title='bbox 1529 4415 1576 4483; x_wconf 67' lang='lat' dir='ltr'>D..</span> <span class='ocrx_word' id='word_1_692' title='bbox 1591 4415 1696 4470; x_wconf 84' lang='lat' dir='ltr'>illoram</span> <span class='ocrx_word' id='word_1_693' title='bbox 1708 4413 1716 4486; x_wconf 81' lang='lat' dir='ltr'>l</span> <span class='ocrx_word' id='word_1_694' title='bbox 1730 4418 1757 4470; x_wconf 89' lang='lat' dir='ltr'>irr</span> 
     </span>
    </p>
   </div>
   <div class='ocr_carea' id='block_1_21' title="bbox 122 4502 1244 4583">
    <p class='ocr_par' dir='ltr' id='par_1_32' title="bbox 122 4502 1244 4583">
     <span class='ocr_line' id='line_1_88' title="bbox 122 4502 1244 4583; baseline -0.01 -13"><span class='ocrx_word' id='word_1_695' title='bbox 122 4517 211 4580; x_wconf 85' lang='lat' dir='ltr'>ciens,</span> <span class='ocrx_word' id='word_1_696' title='bbox 229 4515 256 4568; x_wconf 89' lang='lat' dir='ltr'>iu</span> <span class='ocrx_word' id='word_1_697' title='bbox 278 4513 457 4570; x_wconf 86' lang='lat' dir='ltr'>mediocribus</span> <span class='ocrx_word' id='word_1_698' title='bbox 476 4514 605 4582; x_wconf 77' lang='lat' dir='ltr'>aequabile</span> <span class='ocrx_word' id='word_1_699' title='bbox 620 4522 858 4583; x_wconf 84' lang='lat' dir='ltr'>temperamentum</span> <span class='ocrx_word' id='word_1_700' title='bbox 869 4555 875 4577; x_wconf 87' lang='lat'>‚</span> <span class='ocrx_word' id='word_1_701' title='bbox 888 4508 914 4566; x_wconf 87' lang='lat' dir='ltr'>in</span> <span class='ocrx_word' id='word_1_702' title='bbox 931 4502 956 4561; x_wconf 95' lang='lat' dir='ltr'>D</span> <span class='ocrx_word' id='word_1_703' title='bbox 971 4516 1081 4570; x_wconf 81' lang='lat' dir='ltr'>tenrpore</span> <span class='ocrx_word' id='word_1_704' title='bbox 1092 4514 1244 4575; x_wconf 84' lang='lat' dir='ltr'>opportuno.</span> 
     </span>
    </p>
   </div>
   <div class='ocr_carea' id='block_1_22' title="bbox 122 4606 918 5582">
    <p class='ocr_par' dir='ltr' id='par_1_33' title="bbox 123 4606 917 4858">
     <span class='ocr_line' id='line_1_89' title="bbox 124 4606 917 4677; baseline -0.003 -16"><span class='ocrx_word' id='word_1_705' title='bbox 124 4608 231 4677; x_wconf 71' lang='lat' dir='ltr'>magnis</span> <span class='ocrx_word' id='word_1_706' title='bbox 246 4607 406 4661; x_wconf 88' lang='lat' dir='ltr'>abundantia</span> <span class='ocrx_word' id='word_1_707' title='bbox 421 4606 526 4674; x_wconf 88' lang='lat' dir='ltr'>copiosa</span> <span class='ocrx_word' id='word_1_708' title='bbox 542 4606 683 4659; x_wconf 85' lang='lat' dir='ltr'>donorum.</span> <span class='ocrx_word' id='word_1_709' title='bbox 701 4606 733 4659; x_wconf 87' lang='lat' dir='ltr'>Et</span> <span class='ocrx_word' id='word_1_710' title='bbox 748 4618 856 4660; x_wconf 86' lang='lat' dir='ltr'>necesse</span> <span class='ocrx_word' id='word_1_711' title='bbox 876 4614 917 4659; x_wconf 87' lang='lat' dir='ltr'>ost</span> 
     </span>
     <span class='ocr_line' id='line_1_90' title="bbox 124 4697 915 4764; baseline -0.005 -11"><span class='ocrx_word' id='word_1_712' title='bbox 124 4710 212 4754; x_wconf 79' lang='lat' dir='ltr'>torm</span> <span class='ocrx_word' id='word_1_713' title='bbox 224 4712 284 4752; x_wconf 87' lang='lat' dir='ltr'>esse</span> <span class='ocrx_word' id='word_1_714' title='bbox 297 4697 428 4764; x_wconf 88' lang='lat' dir='ltr'>mirabile,</span> <span class='ocrx_word' id='word_1_715' title='bbox 441 4699 548 4764; x_wconf 87' lang='lat' dir='ltr'>quando</span> <span class='ocrx_word' id='word_1_716' title='bbox 561 4698 742 4751; x_wconf 84' lang='lat' dir='ltr'>nairersarom</span> <span class='ocrx_word' id='word_1_717' title='bbox 758 4710 845 4750; x_wconf 90' lang='lat' dir='ltr'>rerum</span> <span class='ocrx_word' id='word_1_718' title='bbox 856 4710 915 4750; x_wconf 92' lang='lat' dir='ltr'>om-</span> 
     </span>
     <span class='ocr_line' id='line_1_91' title="bbox 123 4791 578 4858; baseline -0.011 -13"><span class='ocrx_word' id='word_1_719' title='bbox 123 4791 292 4858; x_wconf 80' lang='lat' dir='ltr'>nipotentem</span> <span class='ocrx_word' id='word_1_720' title='bbox 311 4798 416 4842; x_wconf 82' lang='lat' dir='ltr'>constat</span> <span class='ocrx_word' id='word_1_721' title='bbox 431 4797 578 4841; x_wconf 80' lang='lat' dir='ltr'>erratorem.</span> 
     </span>
    </p>

    <p class='ocr_par' dir='ltr' id='par_1_34' title="bbox 122 4877 918 5582">
     <span class='ocr_line' id='line_1_92' title="bbox 159 4877 916 4949; baseline -0.008 -13"><span class='ocrx_word' id='word_1_722' title='bbox 159 4880 241 4937; x_wconf 79' lang='lat' dir='ltr'>Vers.</span> <span class='ocrx_word' id='word_1_723' title='bbox 262 4880 306 4934; x_wconf 69' lang='grc'>11.</span> <span class='ocrx_word' id='word_1_724' title='bbox 326 4879 430 4936; x_wconf 76' lang='lat' dir='ltr'>Lauso.</span> <span class='ocrx_word' id='word_1_725' title='bbox 449 4879 483 4934; x_wconf 82' lang='lat' dir='ltr'>dr</span> <span class='ocrx_word' id='word_1_726' title='bbox 498 4887 584 4933; x_wconf 85' lang='lat' dir='ltr'>uotum</span> <span class='ocrx_word' id='word_1_727' title='bbox 601 4879 697 4949; x_wconf 74' lang='lat' dir='ltr'>sociant</span> <span class='ocrx_word' id='word_1_728' title='bbox 712 4879 771 4944; x_wconf 74' lang='lat' dir='ltr'>tiliis</span> <span class='ocrx_word' id='word_1_729' title='bbox 783 4877 916 4931; x_wconf 82' lang='lat' dir='ltr'>bantinum</span> 
     </span>
     <span class='ocr_line' id='line_1_93' title="bbox 122 4969 913 5042; baseline -0.005 -17"><span class='ocrx_word' id='word_1_730' title='bbox 122 4971 262 5042; x_wconf 67' lang='lat' dir='ltr'>matiam</span> <span class='ocrx_word' id='word_1_731' title='bbox 282 4979 368 5037; x_wconf 84' lang='lat' dir='ltr'>teum,</span> <span class='ocrx_word' id='word_1_732' title='bbox 386 4979 410 5023; x_wconf 85' lang='lat' dir='ltr'>et</span> <span class='ocrx_word' id='word_1_733' title='bbox 430 4969 537 5039; x_wconf 81' lang='lat' dir='ltr'>pluriam</span> <span class='ocrx_word' id='word_1_734' title='bbox 560 4969 753 5040; x_wconf 69' lang='lat' dir='ltr'>moquificentio</span> <span class='ocrx_word' id='word_1_735' title='bbox 773 4969 845 5037; x_wconf 80' lang='lat' dir='ltr'>rapui</span> <span class='ocrx_word' id='word_1_736' title='bbox 865 4969 913 5023; x_wconf 87' lang='lat' dir='ltr'>toi.</span> 
     </span>
     <span class='ocr_line' id='line_1_94' title="bbox 124 5058 917 5130; baseline -0.008 -14"><span class='ocrx_word' id='word_1_737' title='bbox 124 5060 223 5116; x_wconf 85' lang='lat' dir='ltr'>Sextus</span> <span class='ocrx_word' id='word_1_738' title='bbox 247 5060 319 5115; x_wconf 89' lang='lat' dir='ltr'>locus</span> <span class='ocrx_word' id='word_1_739' title='bbox 341 5062 388 5130; x_wconf 93' lang='lat' dir='ltr'>qui</span> <span class='ocrx_word' id='word_1_740' title='bbox 409 5067 452 5115; x_wconf 84' lang='lat' dir='ltr'>est</span> <span class='ocrx_word' id='word_1_741' title='bbox 466 5075 480 5113; x_wconf 85' lang='lat' dir='ltr'>a</span> <span class='ocrx_word' id='word_1_742' title='bbox 495 5059 635 5113; x_wconf 83' lang='lat' dir='ltr'>virtutibus</span> <span class='ocrx_word' id='word_1_743' title='bbox 650 5060 785 5112; x_wconf 87' lang='lat' dir='ltr'>intretur.</span> <span class='ocrx_word' id='word_1_744' title='bbox 801 5058 856 5112; x_wconf 90' lang='lat' dir='ltr'>lloc</span> <span class='ocrx_word' id='word_1_745' title='bbox 875 5067 917 5111; x_wconf 89' lang='lat' dir='ltr'>est</span> 
     </span>
     <span class='ocr_line' id='line_1_95' title="bbox 122 5147 917 5219; baseline -0.005 -14"><span class='ocrx_word' id='word_1_746' title='bbox 122 5154 195 5206; x_wconf 86' lang='lat' dir='ltr'>enim</span> <span class='ocrx_word' id='word_1_747' title='bbox 216 5150 286 5219; x_wconf 82' lang='lat' dir='ltr'>quod</span> <span class='ocrx_word' id='word_1_748' title='bbox 304 5151 459 5206; x_wconf 87' lang='lat' dir='ltr'>insecenda</span> <span class='ocrx_word' id='word_1_749' title='bbox 476 5149 630 5218; x_wconf 81' lang='lat' dir='ltr'>partedixit</span> <span class='ocrx_word' id='word_1_750' title='bbox 648 5164 655 5202; x_wconf 83' lang='lat' dir='ltr'>r</span> <span class='ocrx_word' id='word_1_751' title='bbox 675 5147 803 5201; x_wconf 82' lang='lat' dir='ltr'>Virtutem</span> <span class='ocrx_word' id='word_1_752' title='bbox 816 5148 917 5201; x_wconf 83' lang='lat' dir='ltr'>terribi-</span> 
     </span>
     <span class='ocr_line' id='line_1_96' title="bbox 124 5237 916 5307; baseline -0.005 -13"><span class='ocrx_word' id='word_1_753' title='bbox 124 5240 186 5295; x_wconf 81' lang='lat' dir='ltr'>lissr</span> <span class='ocrx_word' id='word_1_754' title='bbox 200 5249 312 5294; x_wconf 82' lang='lat' dir='ltr'>tuorum.</span> <span class='ocrx_word' id='word_1_755' title='bbox 328 5240 435 5295; x_wconf 88' lang='lat' dir='ltr'>Sanctis</span> <span class='ocrx_word' id='word_1_756' title='bbox 449 5242 520 5295; x_wconf 89' lang='lat' dir='ltr'>enim</span> <span class='ocrx_word' id='word_1_757' title='bbox 542 5239 750 5307; x_wconf 72' lang='lat' dir='ltr'>predicantibus</span> <span class='ocrx_word' id='word_1_758' title='bbox 765 5237 824 5307; x_wconf 74' lang='lat' dir='ltr'>leil.</span> <span class='ocrx_word' id='word_1_759' title='bbox 845 5252 916 5305; x_wconf 79' lang='lat' dir='ltr'>pro-</span> 
     </span>
     <span class='ocr_line' id='line_1_97' title="bbox 123 5327 916 5400; baseline -0.009 -15"><span class='ocrx_word' id='word_1_760' title='bbox 123 5327 302 5400; x_wconf 85' lang='lat' dir='ltr'>dicatoribos]</span> <span class='ocrx_word' id='word_1_761' title='bbox 318 5340 379 5385; x_wconf 84' lang='lat' dir='ltr'>arato</span> <span class='ocrx_word' id='word_1_762' title='bbox 401 5334 468 5400; x_wconf 77' lang='lat' dir='ltr'>surm</span> <span class='ocrx_word' id='word_1_763' title='bbox 489 5339 523 5384; x_wconf 80' lang='lat' dir='ltr'>ert</span> <span class='ocrx_word' id='word_1_764' title='bbox 543 5331 656 5400; x_wconf 82' lang='lat' dir='ltr'>potentio</span> <span class='ocrx_word' id='word_1_765' title='bbox 672 5328 775 5384; x_wconf 71' lang='lat' dir='ltr'>Domini</span> <span class='ocrx_word' id='word_1_766' title='bbox 795 5337 819 5380; x_wconf 84' lang='lat' dir='ltr'>et</span> <span class='ocrx_word' id='word_1_767' title='bbox 835 5328 916 5397; x_wconf 76' lang='lat' dir='ltr'>pierio</span> 
     </span>
     <span class='ocr_line' id='line_1_98' title="bbox 122 5417 915 5490; baseline -0.005 -17"><span class='ocrx_word' id='word_1_768' title='bbox 122 5422 197 5490; x_wconf 77' lang='lat' dir='ltr'>capiri</span> <span class='ocrx_word' id='word_1_769' title='bbox 216 5421 285 5489; x_wconf 85' lang='lat' dir='ltr'>ejus,</span> <span class='ocrx_word' id='word_1_770' title='bbox 307 5433 340 5474; x_wconf 87' lang='lat' dir='ltr'>ne</span> <span class='ocrx_word' id='word_1_771' title='bbox 361 5420 481 5488; x_wconf 77' lang='lat' dir='ltr'>ignorato</span> <span class='ocrx_word' id='word_1_772' title='bbox 501 5420 588 5473; x_wconf 86' lang='lat' dir='ltr'>minus</span> <span class='ocrx_word' id='word_1_773' title='bbox 609 5417 719 5471; x_wconf 77' lang='lat' dir='ltr'>forsitan</span> <span class='ocrx_word' id='word_1_774' title='bbox 740 5424 915 5484; x_wconf 75' lang='lat' dir='ltr'>quaereretur.</span> 
     </span>
     <span class='ocr_line' id='line_1_99' title="bbox 124 5508 918 5582; baseline -0.009 -14"><span class='ocrx_word' id='word_1_775' title='bbox 124 5515 195 5568; x_wconf 78' lang='lat' dir='ltr'>Doro</span> <span class='ocrx_word' id='word_1_776' title='bbox 218 5528 323 5582; x_wconf 89' lang='lat' dir='ltr'>qnoque</span> <span class='ocrx_word' id='word_1_777' title='bbox 345 5514 414 5581; x_wconf 78' lang='lat' dir='ltr'>sorta</span> <span class='ocrx_word' id='word_1_778' title='bbox 438 5511 599 5581; x_wconf 77' lang='lat' dir='ltr'>corpulentia</span> <span class='ocrx_word' id='word_1_779' title='bbox 615 5509 688 5576; x_wconf 87' lang='lat' dir='ltr'>ejus,</span> <span class='ocrx_word' id='word_1_780' title='bbox 704 5522 763 5561; x_wconf 92' lang='lat' dir='ltr'>cum</span> <span class='ocrx_word' id='word_1_781' title='bbox 786 5508 878 5561; x_wconf 75' lang='lat' dir='ltr'>Petras</span> <span class='ocrx_word' id='word_1_782' title='bbox 890 5516 918 5561; x_wconf 86' lang='lat' dir='ltr'>et</span> 
     </span>
    </p>
   </div>
   <div class='ocr_carea' id='block_1_23' title="bbox 967 4596 1757 5577">
    <p class='ocr_par' dir='ltr' id='par_1_35' title="bbox 967 4596 1757 5577">
     <span class='ocr_line' id='line_1_100' title="bbox 1007 4596 1755 4672; baseline 0.009 -24"><span class='ocrx_word' id='word_1_783' title='bbox 1007 4598 1081 4651; x_wconf 76' lang='lat' dir='ltr'>t&#39;ers.</span> <span class='ocrx_word' id='word_1_784' title='bbox 1105 4599 1146 4651; x_wconf 86' lang='lat' dir='ltr'>lb&#39;.</span> <span class='ocrx_word' id='word_1_785' title='bbox 1170 4596 1236 4650; x_wconf 80' lang='lat' dir='ltr'>Poe.</span> <span class='ocrx_word' id='word_1_786' title='bbox 1257 4598 1348 4665; x_wconf 82' lang='lat' dir='ltr'>Aperis</span> <span class='ocrx_word' id='word_1_787' title='bbox 1366 4606 1392 4650; x_wconf 88' lang='lat' dir='ltr'>ta</span> <span class='ocrx_word' id='word_1_788' title='bbox 1406 4613 1509 4653; x_wconf 83' lang='lat' dir='ltr'>morium</span> <span class='ocrx_word' id='word_1_789' title='bbox 1524 4608 1609 4668; x_wconf 81' lang='lat' dir='ltr'>trram,</span> <span class='ocrx_word' id='word_1_790' title='bbox 1625 4611 1648 4655; x_wconf 87' lang='lat' dir='ltr'>et</span> <span class='ocrx_word' id='word_1_791' title='bbox 1667 4605 1755 4672; x_wconf 82' lang='lat' dir='ltr'>irrplrs</span> 
     </span>
     <span class='ocr_line' id='line_1_101' title="bbox 967 4688 1754 4757; baseline 0.006 -15"><span class='ocrx_word' id='word_1_792' title='bbox 967 4705 1040 4742; x_wconf 82' lang='lat' dir='ltr'>aurire</span> <span class='ocrx_word' id='word_1_793' title='bbox 1052 4688 1149 4742; x_wconf 82' lang='lat' dir='ltr'>animal</span> <span class='ocrx_word' id='word_1_794' title='bbox 1162 4688 1345 4742; x_wconf 67' lang='lat' dir='ltr'>iurisdictione.</span> <span class='ocrx_word' id='word_1_795' title='bbox 1362 4689 1431 4744; x_wconf 85' lang='lat' dir='ltr'>Ecce</span> <span class='ocrx_word' id='word_1_796' title='bbox 1443 4704 1528 4744; x_wconf 88' lang='lat' dir='ltr'>nouus</span> <span class='ocrx_word' id='word_1_797' title='bbox 1542 4691 1616 4745; x_wconf 80' lang='lat' dir='ltr'>locus</span> <span class='ocrx_word' id='word_1_798' title='bbox 1632 4694 1754 4757; x_wconf 87' lang='lat' dir='ltr'>intratur,</span> 
     </span>
     <span class='ocr_line' id='line_1_102' title="bbox 967 4777 1755 4848; baseline 0.008 -16"><span class='ocrx_word' id='word_1_799' title='bbox 967 4778 1012 4848; x_wconf 89' lang='lat' dir='ltr'>qui</span> <span class='ocrx_word' id='word_1_800' title='bbox 1027 4778 1150 4832; x_wconf 82' lang='lat' dir='ltr'>dicituro</span> <span class='ocrx_word' id='word_1_801' title='bbox 1164 4778 1278 4845; x_wconf 86' lang='lat' dir='ltr'>justitia.</span> <span class='ocrx_word' id='word_1_802' title='bbox 1296 4777 1343 4832; x_wconf 91' lang='lat' dir='ltr'>llic</span> <span class='ocrx_word' id='word_1_803' title='bbox 1359 4778 1384 4832; x_wconf 92' lang='lat' dir='ltr'>in</span> <span class='ocrx_word' id='word_1_804' title='bbox 1401 4778 1441 4833; x_wconf 86' lang='lat' dir='ltr'>bis</span> <span class='ocrx_word' id='word_1_805' title='bbox 1455 4777 1558 4834; x_wconf 87' lang='lat' dir='ltr'>duobus</span> <span class='ocrx_word' id='word_1_806' title='bbox 1571 4791 1598 4836; x_wconf 89' lang='lat' dir='ltr'>ct</span> <span class='ocrx_word' id='word_1_807' title='bbox 1610 4781 1662 4836; x_wconf 88' lang='lat' dir='ltr'>alio</span> <span class='ocrx_word' id='word_1_808' title='bbox 1676 4797 1755 4838; x_wconf 83' lang='lat' dir='ltr'>versu</span> 
     </span>
     <span class='ocr_line' id='line_1_103' title="bbox 968 4868 1754 4939; baseline 0.008 -17"><span class='ocrx_word' id='word_1_809' title='bbox 968 4869 1012 4939; x_wconf 91' lang='lat' dir='ltr'>qui</span> <span class='ocrx_word' id='word_1_810' title='bbox 1026 4869 1147 4938; x_wconf 85' lang='lat' dir='ltr'>sequitur</span> <span class='ocrx_word' id='word_1_811' title='bbox 1160 4868 1238 4922; x_wconf 91' lang='lat' dir='ltr'>latius</span> <span class='ocrx_word' id='word_1_812' title='bbox 1255 4870 1426 4936; x_wconf 62' lang='lat' dir='ltr'>explanatum</span> <span class='ocrx_word' id='word_1_813' title='bbox 1442 4871 1527 4939; x_wconf 92' lang='lat' dir='ltr'>utqui</span> <span class='ocrx_word' id='word_1_814' title='bbox 1548 4870 1691 4927; x_wconf 92' lang='lat' dir='ltr'>Dominum</span> <span class='ocrx_word' id='word_1_815' title='bbox 1706 4876 1754 4928; x_wconf 90' lang='lat' dir='ltr'>mi·</span> 
     </span>
     <span class='ocr_line' id='line_1_104' title="bbox 968 4959 1755 5030; baseline 0.005 -14"><span class='ocrx_word' id='word_1_816' title='bbox 968 4961 1130 5016; x_wconf 89' lang='lat' dir='ltr'>sericordem</span> <span class='ocrx_word' id='word_1_817' title='bbox 1146 4960 1272 5024; x_wconf 91' lang='lat' dir='ltr'>audiunt,</span> <span class='ocrx_word' id='word_1_818' title='bbox 1286 4959 1387 5027; x_wconf 80' lang='lat' dir='ltr'>justrrm</span> <span class='ocrx_word' id='word_1_819' title='bbox 1402 4975 1507 5030; x_wconf 87' lang='lat' dir='ltr'>quoque</span> <span class='ocrx_word' id='word_1_820' title='bbox 1517 4960 1634 5030; x_wconf 84' lang='lat' dir='ltr'>judicem</span> <span class='ocrx_word' id='word_1_821' title='bbox 1649 4975 1755 5020; x_wconf 86' lang='lat' dir='ltr'>contre-</span> 
     </span>
     <span class='ocr_line' id='line_1_105' title="bbox 969 5051 1755 5127; baseline -0.001 -18"><span class='ocrx_word' id='word_1_822' title='bbox 969 5055 1092 5109; x_wconf 84' lang='lat' dir='ltr'>miscam.</span> <span class='ocrx_word' id='word_1_823' title='bbox 1107 5052 1220 5107; x_wconf 74' lang='lat' dir='ltr'>iustitiae</span> <span class='ocrx_word' id='word_1_824' title='bbox 1233 5052 1303 5106; x_wconf 90' lang='lat' dir='ltr'>eninr</span> <span class='ocrx_word' id='word_1_825' title='bbox 1315 5051 1399 5121; x_wconf 89' lang='lat' dir='ltr'>ipsius</span> <span class='ocrx_word' id='word_1_826' title='bbox 1413 5063 1469 5119; x_wconf 87' lang='lat' dir='ltr'>est,</span> <span class='ocrx_word' id='word_1_827' title='bbox 1484 5055 1570 5123; x_wconf 91' lang='lat' dir='ltr'>utqui</span> <span class='ocrx_word' id='word_1_828' title='bbox 1585 5056 1610 5110; x_wconf 92' lang='lat' dir='ltr'>in</span> <span class='ocrx_word' id='word_1_829' title='bbox 1626 5056 1684 5125; x_wconf 90' lang='lat' dir='ltr'>ipso</span> <span class='ocrx_word' id='word_1_830' title='bbox 1694 5074 1755 5127; x_wconf 74' lang='lat' dir='ltr'>spi·-</span> 
     </span>
     <span class='ocr_line' id='line_1_106' title="bbox 968 5141 1756 5211; baseline 0.005 -13"><span class='ocrx_word' id='word_1_831' title='bbox 968 5159 1028 5199; x_wconf 90' lang='lat' dir='ltr'>rare</span> <span class='ocrx_word' id='word_1_832' title='bbox 1046 5159 1098 5198; x_wconf 92' lang='lat' dir='ltr'>non</span> <span class='ocrx_word' id='word_1_833' title='bbox 1116 5143 1255 5208; x_wconf 84' lang='lat' dir='ltr'>desinunt,</span> <span class='ocrx_word' id='word_1_834' title='bbox 1266 5141 1300 5195; x_wconf 90' lang='lat' dir='ltr'>ab</span> <span class='ocrx_word' id='word_1_835' title='bbox 1314 5141 1372 5211; x_wconf 87' lang='lat' dir='ltr'>ipso</span> <span class='ocrx_word' id='word_1_836' title='bbox 1388 5141 1518 5197; x_wconf 78' lang='lat' dir='ltr'>satieatis</span> <span class='ocrx_word' id='word_1_837' title='bbox 1533 5158 1643 5199; x_wconf 82' lang='lat' dir='ltr'>munera</span> <span class='ocrx_word' id='word_1_838' title='bbox 1661 5160 1756 5201; x_wconf 86' lang='lat' dir='ltr'>couse-</span> 
     </span>
     <span class='ocr_line' id='line_1_107' title="bbox 967 5229 1754 5302; baseline -0.001 -13"><span class='ocrx_word' id='word_1_839' title='bbox 967 5245 1092 5302; x_wconf 87' lang='lat' dir='ltr'>quantur.</span> <span class='ocrx_word' id='word_1_840' title='bbox 1110 5232 1163 5290; x_wconf 88' lang='lat' dir='ltr'>Sed</span> <span class='ocrx_word' id='word_1_841' title='bbox 1179 5231 1228 5287; x_wconf 86' lang='lat' dir='ltr'>ista</span> <span class='ocrx_word' id='word_1_842' title='bbox 1241 5247 1299 5285; x_wconf 83' lang='lat' dir='ltr'>erro</span> <span class='ocrx_word' id='word_1_843' title='bbox 1312 5229 1521 5299; x_wconf 86' lang='lat' dir='ltr'>uniuscnjusque</span> <span class='ocrx_word' id='word_1_844' title='bbox 1536 5233 1572 5286; x_wconf 91' lang='lat' dir='ltr'>rei</span> <span class='ocrx_word' id='word_1_845' title='bbox 1588 5235 1754 5290; x_wconf 88' lang='lat' dir='ltr'>continentia</span> 
     </span>
     <span class='ocr_line' id='line_1_108' title="bbox 969 5323 1755 5396; baseline 0.004 -19"><span class='ocrx_word' id='word_1_846' title='bbox 969 5328 1048 5382; x_wconf 85' lang='lat' dir='ltr'>debet</span> <span class='ocrx_word' id='word_1_847' title='bbox 1062 5325 1183 5395; x_wconf 77' lang='lat' dir='ltr'>intelligi.</span> <span class='ocrx_word' id='word_1_848' title='bbox 1199 5323 1256 5378; x_wconf 82' lang='lat' dir='ltr'>dlia</span> <span class='ocrx_word' id='word_1_849' title='bbox 1275 5323 1346 5378; x_wconf 92' lang='lat' dir='ltr'>enim</span> <span class='ocrx_word' id='word_1_850' title='bbox 1362 5324 1548 5391; x_wconf 89' lang='lat' dir='ltr'>corporaliter,</span> <span class='ocrx_word' id='word_1_851' title='bbox 1564 5326 1615 5380; x_wconf 86' lang='lat' dir='ltr'>alia</span> <span class='ocrx_word' id='word_1_852' title='bbox 1631 5325 1755 5396; x_wconf 86' lang='lat' dir='ltr'>spiritua·</span> 
     </span>
     <span class='ocr_line' id='line_1_109' title="bbox 970 5414 1755 5485; baseline -0.001 -14"><span class='ocrx_word' id='word_1_853' title='bbox 970 5419 1030 5472; x_wconf 90' lang='lat' dir='ltr'>liter</span> <span class='ocrx_word' id='word_1_854' title='bbox 1047 5425 1178 5485; x_wconf 79' lang='lat' dir='ltr'>expetunt</span> <span class='ocrx_word' id='word_1_855' title='bbox 1198 5415 1359 5485; x_wconf 73' lang='lat' dir='ltr'>gubernari;</span> <span class='ocrx_word' id='word_1_856' title='bbox 1376 5414 1422 5470; x_wconf 88' lang='lat' dir='ltr'>sed</span> <span class='ocrx_word' id='word_1_857' title='bbox 1438 5415 1477 5467; x_wconf 84' lang='lat' dir='ltr'>liis</span> <span class='ocrx_word' id='word_1_858' title='bbox 1492 5415 1616 5471; x_wconf 86' lang='lat' dir='ltr'>erunibus</span> <span class='ocrx_word' id='word_1_859' title='bbox 1631 5432 1683 5472; x_wconf 87' lang='lat' dir='ltr'>ona</span> <span class='ocrx_word' id='word_1_860' title='bbox 1698 5434 1755 5474; x_wconf 80' lang='lat' dir='ltr'>orco</span> 
     </span>
     <span class='ocr_line' id='line_1_110' title="bbox 968 5505 1757 5577; baseline -0.005 -13"><span class='ocrx_word' id='word_1_861' title='bbox 968 5520 1008 5564; x_wconf 88' lang='lat' dir='ltr'>est</span> <span class='ocrx_word' id='word_1_862' title='bbox 1023 5508 1130 5577; x_wconf 77' lang='lat' dir='ltr'>largitas</span> <span class='ocrx_word' id='word_1_863' title='bbox 1140 5507 1291 5574; x_wconf 85' lang='lat' dir='ltr'>dispensata</span> <span class='ocrx_word' id='word_1_864' title='bbox 1305 5506 1449 5560; x_wconf 80' lang='lat' dir='ltr'>creatoris.</span> <span class='ocrx_word' id='word_1_865' title='bbox 1464 5505 1494 5560; x_wconf 82' lang='lat' dir='ltr'>Et</span> <span class='ocrx_word' id='word_1_866' title='bbox 1507 5521 1540 5561; x_wconf 92' lang='lat' dir='ltr'>ne</span> <span class='ocrx_word' id='word_1_867' title='bbox 1552 5507 1676 5563; x_wconf 88' lang='lat' dir='ltr'>crederes</span> <span class='ocrx_word' id='word_1_868' title='bbox 1689 5522 1757 5563; x_wconf 87' lang='lat' dir='ltr'>sem·</span> 
     </span>
    </p>
   </div>
   <div class='ocr_carea' id='block_1_24' title="bbox 120 5595 1757 5760">
    <p class='ocr_par' dir='ltr' id='par_1_36' title="bbox 120 5595 1757 5760">
     <span class='ocr_line' id='line_1_111' title="bbox 122 5595 1757 5669; baseline -0.006 -10"><span class='ocrx_word' id='word_1_869' title='bbox 122 5604 241 5659; x_wconf 82' lang='lat' dir='ltr'>loannes</span> <span class='ocrx_word' id='word_1_870' title='bbox 252 5617 286 5657; x_wconf 85' lang='lat' dir='ltr'>er</span> <span class='ocrx_word' id='word_1_871' title='bbox 298 5613 375 5658; x_wconf 88' lang='lat' dir='ltr'>utero</span> <span class='ocrx_word' id='word_1_872' title='bbox 387 5606 479 5656; x_wconf 88' lang='lat' dir='ltr'>matris</span> <span class='ocrx_word' id='word_1_873' title='bbox 493 5600 615 5655; x_wconf 89' lang='lat' dir='ltr'>claudum</span> <span class='ocrx_word' id='word_1_874' title='bbox 631 5597 768 5652; x_wconf 85' lang='lat' dir='ltr'>ambulare</span> <span class='ocrx_word' id='word_1_875' title='bbox 783 5598 915 5667; x_wconf 87' lang='lat' dir='ltr'>iecerunt,</span> <span class='ocrx_word' id='word_1_876' title='bbox 969 5614 1016 5669; x_wconf 88' lang='lat' dir='ltr'>per</span> <span class='ocrx_word' id='word_1_877' title='bbox 1034 5598 1149 5653; x_wconf 91' lang='lat' dir='ltr'>dandum</span> <span class='ocrx_word' id='word_1_878' title='bbox 1170 5611 1230 5652; x_wconf 75' lang='lat' dir='ltr'>esse</span> <span class='ocrx_word' id='word_1_879' title='bbox 1249 5595 1319 5665; x_wconf 86' lang='lat' dir='ltr'>qood</span> <span class='ocrx_word' id='word_1_880' title='bbox 1340 5597 1448 5664; x_wconf 86' lang='lat' dir='ltr'>petitur,</span> <span class='ocrx_word' id='word_1_881' title='bbox 1469 5595 1581 5665; x_wconf 84' lang='lat' dir='ltr'>adjecit,</span> <span class='ocrx_word' id='word_1_882' title='bbox 1597 5597 1624 5649; x_wconf 88' lang='lat' dir='ltr'>iu</span> <span class='ocrx_word' id='word_1_883' title='bbox 1645 5610 1757 5666; x_wconf 77' lang='lat' dir='ltr'>tempore</span> 
     </span>
     <span class='ocr_line' id='line_1_112' title="bbox 120 5685 1755 5760; baseline -0.006 -11"><span class='ocrx_word' id='word_1_884' title='bbox 120 5696 264 5749; x_wconf 76' lang='lat' dir='ltr'>direntes:</span> <span class='ocrx_word' id='word_1_885' title='bbox 283 5693 338 5746; x_wconf 77' lang='lat' dir='ltr'>l&#39;iri</span> <span class='ocrx_word' id='word_1_886' title='bbox 354 5691 489 5757; x_wconf 77' lang='lat' dir='ltr'>israelitae,</span> <span class='ocrx_word' id='word_1_887' title='bbox 505 5691 568 5759; x_wconf 85' lang='lat' dir='ltr'>qaid</span> <span class='ocrx_word' id='word_1_888' title='bbox 581 5690 710 5744; x_wconf 84' lang='lat' dir='ltr'>miramini</span> <span class='ocrx_word' id='word_1_889' title='bbox 726 5689 751 5742; x_wconf 86' lang='lat' dir='ltr'>io</span> <span class='ocrx_word' id='word_1_890' title='bbox 766 5688 824 5756; x_wconf 81' lang='lat' dir='ltr'>boc,</span> <span class='ocrx_word' id='word_1_891' title='bbox 840 5693 914 5757; x_wconf 84' lang='lat' dir='ltr'>qrruri</span> <span class='ocrx_word' id='word_1_892' title='bbox 969 5700 1112 5760; x_wconf 84' lang='lat' dir='ltr'>opportuno</span> <span class='ocrx_word' id='word_1_893' title='bbox 1138 5688 1213 5743; x_wconf 84' lang='lat' dir='ltr'>ttulit</span> <span class='ocrx_word' id='word_1_894' title='bbox 1229 5688 1299 5745; x_wconf 87' lang='lat' dir='ltr'>cuim</span> <span class='ocrx_word' id='word_1_895' title='bbox 1315 5697 1424 5755; x_wconf 89' lang='lat' dir='ltr'>petunt,</span> <span class='ocrx_word' id='word_1_896' title='bbox 1440 5687 1486 5742; x_wconf 85' lang='lat' dir='ltr'>sed</span> <span class='ocrx_word' id='word_1_897' title='bbox 1500 5685 1614 5742; x_wconf 87' lang='lat' dir='ltr'>ielieiter</span> <span class='ocrx_word' id='word_1_898' title='bbox 1628 5690 1755 5746; x_wconf 84' lang='lat' dir='ltr'>ilillerou·</span> 
     </span>
    </p>
   </div>
   <div class='ocr_carea' id='block_1_25' title="bbox 0 0 1902 6128">
    <p class='ocr_par' dir='ltr' id='par_1_37' title="bbox 0 0 1902 6128">
     <span class='ocr_line' id='line_1_113' title="bbox 0 0 1902 6128; baseline 0 1"><span class='ocrx_word' id='word_1_899' title='bbox 0 0 1902 6128; x_wconf 95' lang='lat' dir='ltr'> </span> 
     </span>
    </p>
   </div>
  </div>
 </body>
</html>
