3794 6128
124 224 176 280 tait

731 216 764 270 ll.
784 168 924 271 itbltltttl
944 214 1145 272 dissidebit!

1702 216 1758 271 sta

124 335 167 404 pia
189 332 335 388 lrrnuilitate
356 332 498 399 prosternit
530 340 555 380 ut
568 326 655 382 adbuc
677 339 767 383 metue
787 339 913 384 curratus
929 342 950 398 g
1002 327 1080 385 Pers.
1095 329 1122 384 ἓ.
1146 325 1226 383 Finut
1241 344 1314 384 acres
1330 341 1380 383 ιιιιι
1397 331 1554 386 estrumenta
1573 332 1600 384 iu
1618 343 1761 385 cratonem

124 428 291 492 ascenderet,
303 424 381 496 [447
395 425 416 475 si
438 422 671 490 praesumptionem
687 420 721 475 de
737 420 844 475 nteritis
860 435 913 475 nou

126 522 246 575 balteret.
263 517 391 572 Conscius
410 517 480 568 euiru
502 514 664 570 corrditinuis
682 513 807 568 ltnntaure
827 514 915 569 adbuc

125 631 155 668 se
169 612 294 667 humilius
305 624 384 678 qrram
398 606 500 677 pridem
511 607 677 674 subdiderat,
690 607 838 671 inclinarit,
853 608 915 677 quia

127 718 206 758 uento
218 709 307 771 potest
321 699 440 770 cil'ugcro
457 707 606 765 peccatum,
619 699 664 767 qrti
676 699 702 751 iu
717 699 805 767 fragili
820 699 917 766 proba·

128 806 170 848 tur
184 809 296 863 corpore
312 792 484 845 constitutus.
501 791 613 857 Quando
629 792 699 844 cuirn
716 807 768 845 nnn
781 798 828 844 aut
841 791 916 860 cogi·

128 888 227 942 tatione
240 885 431 955 delinquimus,
445 891 490 936 aut
501 884 643 937 verborum
657 883 841 952 superfluitate
858 898 919 951 pec-

127 992 233 1046 camus,
250 988 296 1031 aut
318 975 465 1044 improvida
489 975 595 1028 actione
618 974 789 1028 delabimur?
805 973 863 1029 Una
877 982 920 1028 est

127 1083 192 1139 ergo
216 1067 345 1121 securitas
369 1066 396 1118 in
420 1065 471 1119 boc
493 1065 592 1119 sacaria
617 1064 849 1133 vircrrti,jugiter
869 1064 920 1133 piis

129 1158 252 1226 girceibus
272 1156 409 1218 irrelirtari3
434 1165 462 1208 at
482 1156 526 1223 apd
540 1172 554 1208 a
568 1156 649 1223 culpa
664 1169 724 1210 esse
747 1170 801 1209 uon
824 1170 920 1224 possu-

130 1263 189 1302 mus
215 1247 311 1313 liberi,
343 1261 389 1314 per
421 1261 532 1300 munera
560 1246 667 1316 pietatis
696 1261 848 1301 rrrcreamor
871 1246 919 1302 ab·

129 1339 207 1395 sciti.

416 1432 514 1487 Dicirt‘o
529 1431 633 1503 psalmi.

168 1523 265 1578 llidcns
280 1524 406 1594 propbeta
430 1525 603 1594 plasmante
627 1541 706 1597 quarn
731 1541 864 1599 corpore,
889 1545 923 1585 nc

131 1617 234 1687 maguis
260 1616 418 1672 delictorum
445 1618 569 1672 ductibus
595 1620 775 1687 obrueretur,
810 1623 923 1676 exordio

966 423 1032 477 terri
1056 423 1105 478 tui.
1125 421 1308 476 Pulcherrima
1328 424 1525 491 supplicatione
1549 425 1684 493 placatum
1707 422 1761 475 sibi

966 516 1089 571 inlicem
1104 514 1210 583 reddit,
1225 522 1254 570 ut
1274 514 1448 585 petitionibus
1464 517 1521 571 sais
1533 515 1761 572 clementissimus

968 615 1142 678 prestaretur
1152 607 1270 662 auditus.
1284 607 1336 663 Sed
1349 621 1412 661 enm
1422 606 1607 661 sitoculoruru
1618 608 1645 659 in
1656 609 1761 667 ιιιιιιιι,

968 702 1012 758 bic
1035 701 1142 755 carlina
1164 685 1256 755 datum
1280 707 1337 764 est;
1354 698 1456 754 seilicet
1475 698 1536 768 graia
1551 700 1638 752 virtus
1654 698 1715 768 ejus
1737 707 1765 752 el

969 780 1071 846 rtature
1098 791 1215 861 potentia
1231 789 1374 860 singularis
1387 803 1438 844 nce
1461 790 1571 842 anrilurs
1594 788 1687 853 audit,
1713 802 1763 840 nee

970 882 1082 950 pedibus
1096 880 1226 946 aurbolat,
1252 895 1303 936 uec
1325 881 1410 935 oculis
1424 882 1511 942 ridet,
1535 894 1586 934 uec
1597 894 1647 933 ore
1659 887 1763 948 gustat,

972 990 1022 1030 uec
1036 975 1144 1028 naribus
1160 975 1299 1038 odoratur,
1319 975 1366 1029 sed
1383 973 1649 1044 lucoruprelrensibili
1664 975 1765 1026 virtute

973 1077 1101 1136 operatur
1114 1067 1163 1119 ista
1180 1078 1239 1135 qttoe
1253 1064 1324 1122 dicta
1340 1075 1411 1119 sunt.
1426 1063 1492 1119 liant
1504 1079 1564 1117 ιιιιιι
1580 1065 1616 1118 sit
1631 1063 1701 1117 bears
1712 1060 1766 1130 spi-

973 1161 1057 1223 ritus,
1078 1162 1147 1212 sicut
1162 1157 1197 1211 de
1210 1157 1270 1224 ipso
1285 1155 1381 1226 legitur
1397 1154 1529 1225 :Spiritus
1540 1163 1578 1206 eat
1590 1151 1659 1206 dicar
1674 1150 1764 1222 (ioan.

974 1267 1011 1316 tr,
1024 1250 1083 1318 tt),
1097 1259 1228 1311 aternius,
1241 1248 1423 1316 omnipotens,
1435 1257 1578 1317 penetrans
1587 1255 1615 1300 et
1625 1248 1767 1299 martineus

972 1344 1062 1397 omnia
1078 1357 1136 1411 qua
1147 1341 1181 1396 ab
1191 1339 1251 1410 ipso
1266 1350 1356 1395 creata
1371 1348 1449 1407 sunt,
1465 1339 1564 1409 ubique
1578 1341 1693 1408 plenus,
1710 1339 1768 1391 ubi·

972 1449 1025 1506 qtrc
1038 1441 1119 1496 totus,
1134 1433 1247 1488 desset
1263 1447 1354 1503 perse
1365 1445 1508 1497 coruscus3
1519 1446 1553 1486 ex
1565 1442 1656 1485 nostra
1673 1442 1765 1484 tamen

973 1526 1167 1582 cousuetudine
1181 1528 1266 1580 virtus
1280 1540 1331 1594 ntra
1351 1525 1423 1580 videt
1441 1527 1512 1579 oculi
1526 1524 1662 1583 dicuntur,
1681 1522 1768 1577 uirtus

974 1632 1026 1686 qua
1042 1616 1116 1670 audit
1129 1629 1209 1670 aures
1224 1616 1409 1683 appellantur,
1423 1615 1511 1670 virtus
1524 1630 1576 1684 aaa
1593 1615 1698 1682 perlicit
1712 1632 1770 1667 ma-

131 1708 201 1764 lgero
214 1707 312 1763 ciattltll
325 1716 358 1764 ad
373 1708 514 1763 Dominum
523 1751 531 1774 ‚
547 1720 577 1764 ut
596 1712 630 1766 de
646 1711 779 1781 profundo
795 1725 922 1781 peccato·
937 1712 960 1771 B
975 1723 1025 1762 rttts
1039 1719 1184 1773 vittantur,
1200 1714 1228 1760 ei
1246 1705 1289 1760 bis
1301 1706 1399 1761 Similia
1416 1721 1476 1777 qtlae
1491 1722 1539 1775 per
1553 1707 1711 1776 aliogttrtttttt
1725 1707 1770 1759 tlt·

131 1816 190 1854 ιιιιιι
206 1800 349 1866 liberetur,
366 1802 580 1857 benevolentium
595 1804 658 1857 boni
680 1804 784 1860 iudicis
799 1821 923 1876 quarens

131 1901 166 1945 rte
186 1891 384 1948 calamitatibus
407 1893 551 1949 indicatis:
572 1897 697 1965 quoniam
719 1898 809 1952 nullus
833 1909 922 1969 potest

133 1998 193 2039 esse
207 1985 308 2051 ulnus,
320 1987 422 2055 rtisiqui
434 1985 522 2041 diviua
534 1987 675 2044 clementia
685 1988 921 2047 lueritabsolutus.

132 2078 259 2147 Sequitur
284 2078 474 2147 compendiosa
502 2081 664 2148 conclusio,
692 2083 873 2138 narrationem
897 2092 925 2139 ct

130 2178 226 2224 caetera
245 2172 454 2238 praetermittens
469 2189 476 2224 ε
500 2174 626 2242 quoniam
646 2175 668 2228 si
680 2187 831 2244 opportune
845 2177 923 2231 adlri·

131 2265 266 2329 beantur,
289 2273 445 2329 exornant3
474 2264 499 2318 si
523 2265 668 2336 incongrue
692 2267 923 2334 intromittantur,

132 2355 302 2409 horrescant.
324 2354 438 2409 Secutus
462 2366 504 2411 est
524 2371 589 2427 ergo
609 2357 696 2412 bonus
710 2359 838 2430 magister
859 2360 924 2415 utile

132 2447 311 2517 devotumque
321 2449 526 2517 compendium:
539 2452 594 2504 cito
604 2451 636 2505 ad
652 2453 842 2522 gratulationis
858 2470 924 2522 gau·

133 2540 178 2593 dia
192 2539 284 2603 scuit,
299 2551 329 2594 ut
348 2553 526 2612 agnoscerent
541 2544 701 2612 proerriteutcs
717 2557 815 2614 qrtanta
837 2552 924 2620 gratia

134 2632 326 2702 suscipiuntur,
340 2634 437 2702 quibus
452 2646 505 2688 tam
523 2637 598 2691 relos
620 2638 753 2693 medicina
770 2649 925 2708 praestatur.

408 2722 541 2794 Eaparitio
556 2727 659 2798 psalmi.

170 2812 246 2866 Vers.
279 2813 302 2868 l.
331 2812 369 2868 De
389 2815 524 2886 profnrtdis
544 2817 653 2870 clamari
675 2820 709 2872 ad
728 2827 768 2885 te,
799 2819 926 2886 Dandae,

137 2906 261 2975 dominc,
287 2909 380 2962 eaaudi
407 2912 548 2965 orationem
577 2910 654 2983 [mss.
681 2913 727 2979 Α.,
756 2916 796 2980 lt,
821 2925 845 2968 et
869 2916 927 2979 ed..

133 2998 232 3072 uocem]
254 3016 347 3054 meam.
365 3000 529 3057 Profundum
544 3012 586 3058 est
606 3006 682 3074 quasi
697 3020 779 3075 porro
799 3005 926 3071 fundum,

974 1800 1046 1857 riuis
1065 1800 1267 1869 operationibus
1292 1799 1471 1869 applicantur.
1497 1799 1563 1854 Cum
1591 1800 1665 1854 eninr
1689 1800 1770 1863 rlsscit,

974 1893 1039 1947 aerei
1050 1892 1098 1958 lui,
1112 1891 1297 1947 misericordia
1309 1893 1371 1947 boui
1384 1891 1486 1948 iudicis
1500 1901 1688 1947 commoretur
1704 1892 1770 1964 led..

974 1983 1191 2057 corrrumuaturl:
1207 2001 1239 2041 nc
1255 1989 1371 2055 patiatur
1384 1986 1511 2057 abjicere,
1529 2001 1609 2058 quem
1626 2000 1657 2042 se
1668 2001 1772 2056 cogno·

975 2078 1024 2131 scil
1041 2076 1157 2132 fideliter
1172 2076 1306 2132 luvttcare.

1011 2170 1088 2225 Vens.
1101 2172 1128 2226 5.
1137 2171 1319 2240 Siiniqrtitnles
1330 2171 1509 2238 obseruatus,
1519 2169 1635 2227 novatur.
1646 2169 1770 2235 Domine,

975 2261 1032 2333 prais
1045 2261 1194 2316 sustinebit?
1211 2262 1280 2318 Ecce
1290 2261 1346 2330 jaun
1360 2262 1510 2332 profundus
1521 2263 1566 2317 tlte
1579 2262 1704 2321 detectus
1717 2272 1772 2325 est,

977 2353 1047 2417 rande
1060 2355 1192 2410 clamabat
1205 2354 1238 2409 ad
1260 2355 1415 2415 burdinum.
1437 2354 1604 2426 iniquitatem
1622 2354 1698 2410 enlin
1716 2354 1776 2409 rull

978 2444 1088 2509 intelligi
1099 2460 1179 2498 otrtuc
1193 2456 1329 2511 peccatum
1342 2448 1413 2516 qraod
1425 2454 1512 2515 potest
1527 2447 1614 2516 aliqua
1638 2445 1776 2516 pravitate

977 2534 1120 2589 currarnitti.
1146 2534 1267 2604 irriguum
1290 2545 1332 2591 est
1346 2539 1419 2592 enirn
1442 2537 1512 2607 quod
1524 2537 1626 2605 justum
1642 2553 1699 2593 non
1718 2548 1774 2592 est.

979 2624 1011 2678 Et
1024 2624 1084 2694 quis
1103 2639 1118 2680 a
1133 2626 1179 2679 tali
1198 2626 1385 2696 complexione
1398 2629 1526 2684 rediatur
1540 2640 1688 2698 exceptos,
1717 2626 1773 2682 uisi

978 2715 1053 2772 solus
1063 2715 1107 2772 ille
1118 2717 1163 2785 qni
1172 2717 1272 2788 jugiter
1283 2720 1369 2787 potnit
1384 2720 1495 2790 implere
1504 2720 1657 2790 justitiam?
1668 2720 1736 2774 llam
1748 2729 1776 2775 et

978 2808 1064 2864 sancti
1078 2808 1127 2863 riri
1143 2823 1205 2864 com
1222 2809 1320 2866 denota
1333 2826 1364 2869 se
1376 2814 1582 2869 conversatione
1599 2824 1717 2869 tractare
1734 2814 1775 2868 ri·

979 2900 1105 2965 deantur,
1118 2910 1208 2956 taruco
1218 2903 1312 2974 culpas
1322 2919 1355 2958 ex
1366 2914 1421 2962 toto
1431 2905 1568 2962 declinare
1581 2920 1634 2961 nou
1648 2916 1776 2975 possunt,

980 2991 1088 3062 arundo
1102 3000 1128 3046 ct
1143 2996 1244 3050 otiosus
1257 3010 1348 3051 sermo
1361 3008 1451 3054 reatus
1466 3009 1524 3064 est,
1538 3008 1566 3056 ct
1579 2999 1605 3053 iu
1620 3001 1774 3056 crastinum

135 3090 212 3161 cajus
230 3089 283 3146 iura
296 3093 406 3147 omnino
419 3093 541 3149 demersa
554 3104 627 3149 suut.
644 3095 712 3152 ilinc
729 3104 761 3150 all
785 3091 963 3154 bominnmC
981 3084 1100 3154 ῡθὶἔῑῑθΐθ
1119 3097 1255 3154 peccatum
1278 3099 1330 3155 0⁵²,
1346 3091 1447 3146 ’limbis
1462 3092 1545 3160 eludi,
1566 3093 1714 3164 l¹i⁰⁰¹¹8¹¹¹²
1729 3111 1776 3151 ⁵¹⁸·

136 3184 267 3256 propbeta
292 3185 428 3267 clamavit,
452 3197 481 3240 ut
500 3187 606 3243 facilins
622 3191 753 3257 potuisset
773 3191 926 3246 audiritis

136 3277 188 3332 isto
211 3275 342 3347 profando
366 3277 497 3348 gloriosas
517 3278 583 3334 ludit
602 3279 734 3349 lacrymas
749 3282 865 3348 Petrns;
894 3284 929 3339 de

137 3369 191 3423 isto
202 3366 361 3422 Publicanos
372 3376 480 3437 pectora
491 3368 623 3439 culpanda
638 3370 776 3436 tundebat,
789 3373 835 3441 qui
850 3375 888 3428 sic
901 3374 929 3428 in

137 3460 221 3515 altura
235 3470 346 3515 venerat
359 3468 547 3527 peccatorum,
563 3471 592 3517 ut
605 3476 655 3517 nec
665 3464 758 3519 oculos
773 3465 874 3522 levaret
891 3466 926 3520 ad

139 3551 237 3610 coeiom
260 3552 315 3607 :dc
329 3552 381 3606 isto
398 3551 513 3623 deniqne
536 3553 596 3609 loco
618 3553 700 3611 Jonas
719 3557 814 3612 tacitns
832 3557 931 3614 sociis·

137 3643 246 3699 rabatnr
269 3642 304 3697 ad
329 3641 489 3709 bominum,
513 3644 558 3715 qui
574 3643 600 3699 iu
616 3653 710 3702 ventre
728 3646 781 3703 ceti
807 3650 930 3716 patritus,

137 3737 270 3792 inleruum
281 3737 356 3790 ritus
366 3735 521 3792 intraverat.
537 3739 617 3793 Cetus
631 3739 702 3794 euim
717 3745 853 3810 propbeta
869 3758 929 3797 ors·

137 3828 234 3882 tarium
257 3827 323 3893 luit,
345 3827 474 3898 naufrago
491 3843 600 3897 portus,
619 3832 691 3886 inter
704 3832 790 3887 nudas
816 3833 928 3901 dumus,

137 3918 201 3973 ielis
223 3917 250 3973 iu
265 3917 453 3989 desperatione
468 3920 629 3976 subsidium.
655 3921 715 3977 Non
728 3924 801 3979 cuim
817 3926 930 4001 glutitus

138 4009 221 4065 estin
237 4024 345 4074 escam,
364 4009 450 4065 sedin
464 4011 583 4081 requiem
599 4012 804 4082 possidendam
820 4027 846 4071 et
862 4019 930 4072 miro

142 4102 270 4156 trotitatis
284 4100 413 4169 exemplo
427 4111 522 4157 rertter
536 4103 580 4158 illc
597 4104 699 4161 ierious
718 4106 834 4161 reddidit
847 4107 930 4176 pabu-

117 4192 121 4201 '
139 4193 194 4246 lum
208 4193 334 4258 illesum,
351 4206 405 4245 nou
417 4193 494 4245 solita
510 4191 607 4262 injuria
621 4193 786 4249 decoctionis
799 4196 928 4265 absump-

140 4298 211 4349 ιιιιιι;
235 4285 305 4339 sicut
330 4283 357 4337 in
381 4282 449 4336 libro
465 4297 515 4336 suo
536 4285 733 4351 ipsctestatur,
758 4287 872 4341 dicens:
895 4285 929 4340 lit

141 4375 259 4444 precepit
270 4372 396 4426 Pontinas
407 4373 472 4442 piari
482 4387 575 4442 magno
586 4384 612 4428 al
627 4376 765 4447 deglutiret
775 4376 868 4431 donam
881 4394 891 4434 :
905 4389 930 4433 ct

981 3174 1037 3230 bito
1061 3179 1222 3246 cogitatione
1242 3182 1389 3250 compleri,
1415 3192 1443 3240 ct
1457 3193 1554 3241 catera
1577 3186 1776 3255 hujuscemodi.

985 3266 1087 3323 Videas
1099 3282 1164 3339 ergo
1179 3274 1309 3340 propbeta
1323 3274 1424 3329 nullum
1441 3291 1500 3332 esse
1513 3276 1561 3348 qui
1574 3292 1628 3334 aon
1644 3285 1692 3334 aut
1702 3281 1777 3348 cogi·

982 3365 1129 3420 tationibus
1143 3367 1285 3431 superfluis
1298 3370 1428 3433 excedat,
1439 3381 1484 3426 ant
1499 3386 1585 3427 vacuo
1596 3387 1724 3429 sermone
1733 3374 1777 3426 de·

981 3456 1094 3526 linquat,
1110 3468 1156 3514 aut
1167 3459 1291 3515 inanibus
1310 3463 1414 3519 actibus
1425 3473 1583 3536 occupetur,
1595 3467 1707 3521 territus
1721 3465 1776 3520 cla·

981 3557 1037 3602 mat
1048 3548 1081 3602 ad
1095 3548 1253 3616 bominum,
1264 3550 1374 3620 justitiae
1387 3554 1470 3622 ipsius
1486 3569 1539 3609 noa
1550 3553 1679 3612 salicara
1689 3569 1776 3625 genna

982 3641 1144 3708 bumanum,
1159 3644 1209 3698 nisi
1224 3644 1415 3701 misericordie
1428 3661 1484 3703 sua
1499 3655 1610 3716 praestet
1632 3648 1774 3705 auxilium.

983 3734 1047 3803 Quia
1061 3737 1297 3807 snrtirrcbitiqnasi
1313 3738 1417 3807 pondos
1433 3739 1605 3805 immensum,
1620 3739 1772 3808 suasim·

980 3830 1033 3883 lem
1057 3829 1268 3896 intolerabilem,
1279 3829 1355 3900 qnasi
1370 3831 1505 3885 dammam
1519 3831 1768 3900 consumptibilem.

981 3919 1076 3974 dierito
1090 3921 1161 3975 euim
1175 3921 1306 3989 justitiam
1323 3921 1427 3977 botuini
1443 3923 1493 3977 sibi
1509 3923 1709 3992 importabilem
1731 3924 1772 3979 di·

980 4011 1070 4076 cebat,
1082 4011 1127 4081 qui
1140 4021 1247 4066 actuum
1257 4027 1366 4066 snorum
1378 4014 1595 4071 consideratione
1604 4014 1665 4085 ejus
1674 4014 1771 4086 judicia

982 4099 1153 4156 iorntidabat.
1176 4102 1241 4170 Qttae
1263 4102 1346 4171 figura
1374 4102 1468 4159 Graece
1487 4104 1586 4160 dicitur
1606 4106 1771 4178 diaporesis,

981 4193 1075 4248 Latine
1091 4194 1231 4259 dubitatio,
1247 4210 1307 4249 cum
1328 4195 1456 4251 babemus
1470 4197 1635 4269 ambiguum,
1651 4201 1674 4257 ti
1688 4200 1772 4268 possit

981 4284 1096 4338 inveniri
1116 4284 1186 4354 qrtod
1198 4286 1335 4355 qtraeritur.

1015 4377 1095 4432 Vers.
1105 4375 1132 4430 l.
1146 4376 1213 4443 Quin
1223 4379 1292 4448 apud
1301 4391 1323 4432 te
1332 4378 1476 4449 propitiatio
1486 4388 1534 4446 cst,
1543 4389 1568 4434 et
1576 4390 1683 4450 propter
1693 4381 1770 4451 lenem

139 4463 286 4520 crationes
300 4463 326 4516 ia
337 4473 421 4516 cartre
430 4464 506 4534 placit
520 4465 600 4544 tribas
611 4467 699 4520 diebus
713 4477 737 4520 et
750 4469 829 4522 tribas
844 4469 928 4521 tracti·
943 4457 1051 4522 Drunm
1075 4469 1184 4522 sustinui
1210 4476 1247 4533 te,
1269 4467 1387 4523 Domine.
1408 4470 1530 4525 Territus
1555 4482 1647 4525 autent
1670 4471 1769 4540 justiis

131 4557 198 4620 lca,
223 4562 274 4609 etc.
294 4552 379 4621 (tona
391 4567 421 4618 ιι,
446 4555 475 4623 l)
492 4574 500 4608 z
517 4555 562 4609 nbi
584 4559 720 4612 orationes
741 4573 845 4627 quoquc
865 4572 928 4616 suas

138 4645 294 4715 propbetica
309 4644 422 4700 scritate
440 4645 568 4700 narrarit.
583 4646 607 4702 0
625 4648 782 4717 paenitentia
798 4649 878 4704 nimis
900 4659 928 4706 et

140 4736 264 4791 absoluta
288 4735 422 4805 gloriosa,
449 4735 598 4791 humiliatio
623 4751 684 4806 quac
707 4738 790 4792 nescit
811 4738 925 4803 cadere,

138 4829 228 4885 luctus
251 4827 297 4898 qui
319 4828 401 4883 corda
425 4828 561 4895 laetificat,
587 4829 713 4900 lacrymat
728 4846 788 4900 qum
809 4832 926 4886 animam

139 4924 235 4994 rigant.
256 4919 405 4990 Profnndm
429 4921 547 4992 deniquo
573 4923 624 4978 istc
638 4925 725 4979 uescit
748 4925 867 4992 in‘eros,
884 4927 929 4995 qni

139 5013 299 5069 transmittit
317 5013 351 5069 ad
371 5013 465 5070 coeios.
487 5014 660 5084 Quapropter
681 5016 805 5072 virtutem
828 5025 930 5072 saneta

138 5105 270 5160 orationis
285 5105 394 5160 intende
411 5122 418 5160 r
435 5106 497 5176 quia
514 5115 589 5161 tanto
608 5121 638 5162 se
651 5107 740 5162 credit
751 5109 865 5164 celerius
883 5124 932 5164 aa·

140 5197 279 5263 diendum‚
295 5205 423 5264 quautam
434 5194 469 5251 dc
483 5196 544 5252 imis
559 5197 740 5266 penetralibus
750 5198 884 5252 clamabat
897 5198 930 5252 ad

141 5290 294 5346 bominum.
311 5290 430 5358 lienium
443 5289 481 5344 sic
495 5290 626 5359 sequitur,
638 5288 757 5354 bomine,
771 5292 866 5344 eraudi
877 5309 933 5346 ara·

139 5383 233 5436 tionem
247 5395 339 5435 mmm.
355 5380 405 5450 ipsi
416 5390 479 5436 sunt
489 5383 560 5434 enim
572 5381 710 5436 llltissimo
721 5380 872 5447 viciniores,
885 5383 931 5453 qni

140 5478 240 5525 saorla
254 5471 413 5526 numilitatis
423 5472 610 5528 sosisceribus
621 5471 792 5531 abdiderunt.
809 5474 854 5530 Sic
869 5491 930 5531 curn

140 5563 315 5631 acerarundo
329 5578 429 5631 oraret,
445 5565 478 5621 ad
493 5565 624 5622 ditissimi
640 5567 825 5638 lledcmptoris
836 5568 932 5626 celcri-

144 5657 182 5706 ιιι
196 5654 265 5710 dona
285 5659 417 5725 pertenit.

982 4559 1106 4625 Domini,
1129 4574 1176 4627 per
1193 4575 1272 4628 arram
1286 4576 1378 4627 arterias
1399 4561 1463 4615 rualli
1480 4564 1568 4616 latest
1583 4561 1716 4629 euadere,
1739 4558 1770 4614 ad

981 4661 1119 4721 patronam
1133 4650 1342 4706 misericordiam
1357 4652 1587 4707 consolantibus
1602 4665 1645 4708 est
1657 4653 1729 4707 enim
1742 4651 1768 4705 iu

982 4743 1079 4797 uostris
1093 4733 1198 4798 actibus
1211 4755 1239 4797 ut
1255 4759 1407 4800 mereamur
1425 4745 1538 4813 alrsolvi,
1553 4748 1599 4801 sed
1612 4748 1771 4816 ipsinapro·

982 4833 1128 4902 pltiatlouis
1139 4843 1190 4900 ost,
1201 4836 1410 4891 utconlitentem
1423 4852 1498 4892 ream
1508 4836 1625 4893 liberare
1635 4836 1771 4906 dignetur.

980 4929 1032 4983 Sed
1043 4928 1066 4981 si
1079 4942 1176 4982 nomeu
1190 4929 1262 4983 istud
1277 4929 1432 4999 diligentius
1443 4919 1634 5001 perscruteris,
1649 4931 1773 5003 propitia-

982 5020 1018 5073 tio
1037 5017 1086 5072 iuit
1100 5021 1207 5088 quartdo
1223 5021 1344 5089 pereunti
1359 5021 1457 5075 mundo
1473 5020 1544 5076 Deus
1560 5020 1620 5076 Filii
1632 5020 1673 5077 sui
1686 5022 1773 5075 incar·

983 5108 1092 5167 uatiorte
1114 5112 1253 5178 subscuit;
1276 5121 1305 5168 nt
1327 5113 1471 5169 humanum
1491 5128 1576 5184 gertus
1598 5113 1774 5178 abmlrcrea,

983 5205 1052 5274 rrriod
1064 5211 1121 5258 erat
1129 5204 1245 5272 pcccatis
1253 5204 1421 5259 nectentibus
1431 5204 1586 5276 obligatum.
1598 5204 1740 5276 Sequitur,
1751 5215 1775 5259 et

983 5306 1087 5364 propter
1102 5295 1182 5363 lencm
1197 5304 1277 5360 taam,
1288 5294 1397 5348 antariani
1408 5303 1442 5359 le,
1455 5293 1575 5349 bosniae,
1590 5292 1774 5364 propitiationi

984 5388 1025 5443 ier
1042 5385 1146 5439 ridetur
1156 5399 1217 5439 csse
1227 5388 1373 5453 contraria,
1385 5386 1445 5455 cruia
1456 5380 1499 5441 lea
1511 5395 1651 5456 peccatum
1663 5385 1773 5456 detegit,

984 5492 1059 5533 reum
1083 5475 1219 5544 designat,
1246 5486 1383 5547 tntunrque
1403 5476 1454 5531 sibi
1471 5475 1606 5530 bominem
1624 5476 1713 5531 reddit
1726 5476 1774 5530 ob·

985 5570 1103 5630 nonium,
1120 5567 1191 5622 sient
1205 5568 1349 5638 Apostolus
1363 5551 1428 5622 dicit
1444 5582 1452 5621 τ
1470 5567 1608 5622 Peccatum
1623 5577 1708 5622 aarum
1724 5583 1774 5622 aon

983 5658 1097 5730 cognovi,
1113 5657 1163 5710 uisi
1175 5674 1220 5722 per
1243 5659 1339 5729 lepesin
1352 5677 1411 5714 nour
1425 5659 1662 5729 concupiscentiam
1679 5657 1776 5713 narie·
