3794 6128
135 248 203 307 abit
411 242 673 302 couuuextottes
692 240 725 299 td
750 242 856 302 EPIST.
879 234 1141 301 hvusuubottttll.
1157 273 1192 284 -
1211 241 1476 302 PROLEGOHBNA.
1504 308 1512 315 ‚
1699 245 1768 303 lete

131 361 243 439 poterit,
267 359 405 431 magisque
426 360 452 414 in
465 373 497 414 ea
512 359 596 428 pietas
609 359 766 427 spectanda,
784 372 863 429 qnam
879 358 921 414 in·
938 364 958 422 ι
973 372 1033 413 rom
1044 358 1275 425 seleetlssimis,et
1286 358 1396 485 quiJsm
1407 366 1464 415 tum
1474 354 1766 437 haberenturanthui:

132 434 204 507 gerrll
213 446 339 498 acumen,
350 438 396 485 aut
408 431 561 495 prestantia
578 429 709 485 doctrine
720 447 728 485 r
740 442 821 485 nemo
832 437 920 484 tamen
973 428 998 484 ls
1008 430 1081 485 enim
1096 431 1199 498 priscos
1212 438 1240 486 et
1250 446 1329 487 emen
1350 438 1409 485 atos
1422 431 1529 487 codices
1544 432 1579 487 ad
1594 448 1679 489 sacre
1693 434 1768 491 Seri-

131 505 237 562 lnduias
250 502 308 563 ibit.
329 500 458 570 preclara
474 500 554 555 etiarn
569 514 622 553 nrrn
640 513 722 568 pauca
736 499 873 571 variisque
888 500 923 555 de

117 575 222 631 ,musis
256 573 344 627 lurimi
367 569 487 626 iacienda
509 570 536 625 in
557 569 745 625 eacorrtioerl.
769 569 824 625 Nec
843 569 923 626 valde
996 570 1148 626 ectiunibus
1171 571 1358 627 admonebat:
1384 572 1446 641 quid
1470 564 1624 643 puiahimus
1648 575 1682 630 ah
1708 579 1768 641 ipau

129 590 696 722 mihiiadorandumauturno,utostendam
706 640 923 708 quoiocoeccie·
973 641 1135 708 prestitum,
1150 656 1212 697 eum
1225 656 1278 698 non
1300 643 1429 714 legendos
1442 651 1558 710 tantum,
1581 646 1628 699 sed
1644 654 1672 700 et
1685 644 1768 701 inter·

129 715 269 773 siasticnm
282 712 432 767 babendum
443 718 478 766 srt
489 726 515 765 ιι
529 710 630 765 saeculo
641 720 780 766 exaratum
793 725 877 783 opos;
893 719 923 766 et
973 710 1121 778 pretendos
1135 713 1308 783 susciperet?
1332 714 1377 768 vir
1396 724 1488 768 autem
1503 723 1578 783 puto,
1601 714 1767 771 Cassiodorii

129 783 307 856 apcrceiehri
328 782 355 838 id
368 782 477 853 quidem
492 782 652 850 eruditeque
674 782 817 851 scriptore,
842 795 921 850 quem
973 788 1053 835 atate
1075 783 1215 837 vetustatis
1241 782 1318 838 laude
1336 783 1468 839 celebrari
1491 783 1612 839 codicem
1636 788 1766 855 potuisse,

130 856 203 912 iuter
216 853 359 909 sanctitate
374 855 460 908 claros
473 851 601 906 dicuinus
616 849 661 923 (in
676 846 737 906 Fel.
754 851 843 924 Urqel.
860 853 878 907 l.
893 853 921 921 ι)
972 851 1018 919 qui
1033 849 1067 905 ad
1081 852 1229 920 apostolica
1245 856 1301 910 iere
1316 863 1447 924 tempora,
1473 856 1531 912 sive
1550 854 1631 909 abiis
1647 855 1718 911 baud
1731 858 1767 912 ito

129 927 222 991 aliive,
238 934 318 992 atque
329 925 399 978 inter
410 936 502 978 sacros
518 921 647 978 Ecclesire
663 922 786 977 doctores
798 930 921 977 recenset
973 918 1053 990 longo
1063 921 1207 977 intervallo
1217 924 1309 979 dissita
1326 938 1379 980 non
1393 926 1565 997 pertingeret.
1578 926 1663 991 Quam
1673 942 1768 982 ernen-

130 997 203 1053 bede
215 992 292 1065 theu.
307 992 448 1049 Commio
466 992 583 1062 (laram).
603 990 698 1047 liirum
713 992 845 1061 imprimis
861 1006 922 1061 ιιιιι·
973 989 1044 1045 datis
1056 991 1136 1047 etiam
1151 995 1349 1064 exemplaribus
1361 1005 1493 1069 uteretur,
1508 996 1619 1066 intelligi
1634 1006 1722 1067 potest
1733 1011 1766 1053 ex

129 1067 202 1122 lecto
215 1075 268 1132 est,
292 1073 423 1133 quantum
439 1062 588 1118 alliciamur
602 1071 629 1117 et
647 1078 717 1117 novo
737 1062 923 1117 aediilcatiouis
973 1061 1131 1133 prelatione
1144 1064 1300 1119 Divinarum
1312 1062 1521 1134 losiitutionum,
1543 1081 1594 1136 qua
1617 1069 1698 1123 libros
1713 1081 1766 1122 cm·

132 1137 231 1207 spiritu
251 1134 377 1189 catholici
391 1133 551 1198 excitemur,
575 1148 636 1190 curn
656 1136 759 1202 antiqui
775 1149 824 1188 nec
843 1142 922 1189 autea
974 1140 1047 1188 leros
1070 1135 1181 1189 trotariis
1201 1134 1384 1190 emendandos
1406 1136 1548 1191 tradidisse
1562 1136 1703 1205 discimus,
1721 1152 1765 1193 sua

132 1206 233 1278 cogniti
258 1205 424 1261 monumenti
446 1203 591 1274 quidquam
614 1203 860 1272 deprehendentes,
876 1218 923 1258 ea·
973 1215 1035 1256 cros
1050 1217 1115 1260 vero
1130 1218 1209 1258 mano
1224 1205 1311 1273 ipsum
1325 1219 1372 1259 sun
1388 1206 1558 1262 emendasse.
1573 1206 1645 1272 erio
1667 1206 1701 1262 de
1715 1208 1764 1263 Οι-

132 1279 195 1334 dem
211 1277 336 1345 dogmate
351 1273 528 1343 inspicimus·;
543 1287 658 1344 utrmque
670 1275 792 1329 eamdem
817 1288 832 1328 a
850 1274 923 1343 prio·
975 1271 1131 1343 thograpbia
1145 1275 1204 1331 lusu
1216 1276 1361 1340 disserere,
1377 1291 1429 1330 nou
1444 1276 1496 1330 alia
1511 1277 1638 1331 derauso
1655 1276 1766 1344 proble-

131 1348 208 1404 rihus
221 1361 306 1416 usque
321 1344 427 1399 seculis
442 1352 569 1414 perpetua
583 1345 654 1398 serie
669 1344 808 1398 deductam
822 1343 922 1399 doctri·
975 1350 1019 1396 tur
1031 1358 1185 1414 aggressum
1199 1360 1260 1401 ese
1274 1360 1314 1412 se,
1331 1360 1410 1416 quarn
1436 1355 1466 1400 ut
1479 1360 1555 1401 sacra
1571 1344 1655 1401 biblia
1680 1347 1767 1402 incul-

133 1434 196 1473 uaor
212 1414 394 1472 vetustissima
409 1415 551 1484 scriptura,
568 1414 641 1468 velut
656 1428 725 1469 novo
739 1425 767 1469 et
780 1413 924 1485 irreiragn-
975 1415 1056 1482 patim
1071 1417 1300 1471 exscriberentur.

131 1488 180 1545 hili
195 1494 264 1543 teste
278 1483 404 1540 traditam
415 1484 671 1554 comprobatumque
687 1485 831 1540 inruemur.
846 1484 921 1551 Quod
1009 1483 1196 1541 hleurbrunens
1207 1486 1286 1550 iiber,
1299 1485 1325 1540 iu
1336 1501 1388 1557 quo
1402 1486 1506 1555 insigne
1517 1486 1568 1542 hoc
1578 1484 1769 1542 ecclesiasticas

132 1561 216 1616 etiam
232 1570 321 1611 mores
335 1570 368 1611 ae
383 1556 508 1618 pietatem
526 1562 640 1623 spectat,
657 1556 878 1622 praetereuntia
895 1555 921 1609 in
973 1554 1141 1623 antiquitatis
1155 1565 1358 1613 monumentum
1379 1557 1455 1612 unice
1473 1558 1642 1626 perennavit,
1663 1558 1769 1613 erinriae

134 1629 177 1684 his
191 1624 430 1697 Complexionlbus
442 1624 578 1697 reperias:
596 1640 688 1680 verum
707 1635 735 1679 ιιι
747 1640 763 1680 ι
777 1624 864 1680 doctis
876 1640 922 1679 eu·
974 1638 1006 1678 ac
1017 1626 1176 1682 venerande
1190 1628 1331 1682 vetustatis
1357 1636 1433 1680 notas
1457 1641 1511 1691 prae
1530 1642 1560 1681 se
1583 1626 1632 1680 lert
1653 1641 1767 1691 omnes;

133 1698 197 1769 pide
211 1696 394 1764 excipiantur,
420 1695 446 1749 id
472 1694 538 1750 satis
562 1708 697 1764 superque
721 1697 767 1759 sit,
791 1695 819 1749 in
838 1698 923 1751 sacris
940 1693 1042 1787 Badeo
1057 1702 1087 1750 ιιι
1098 1697 1182 1751 rideri
1198 1696 1281 1767 possit
1296 1697 1330 1751 ob
1344 1696 1427 1765 ipsius
1439 1696 1601 1753 casiodori
1617 1705 1696 1751 atate
1712 1714 1765 1751 nun

128 1766 312 1828 seilicetiiovi
324 1766 488 1821 Testamenti
501 1764 577 1819 libris
588 1766 798 1833 interpretandis
810 1768 922 1832 versari,
975 1762 1013 1820 ita
1028 1767 1139 1820 multum
1153 1767 1258 1822 abesse.
1275 1767 1379 1837 Integer
1393 1777 1474 1834 atque
1489 1768 1671 1833 incorruptus,
1686 1769 1767 1822 rrrodo

128 1838 328 1906 canonicasque
342 1837 423 1892 etiam
437 1835 572 1903 Epistulas
588 1850 733 1906 expauere,
749 1839 775 1890 in
793 1849 860 1904 quos
876 1850 923 1890 vc·
975 1835 1086 1905 paginas
1098 1838 1226 1906 quasdam
1237 1838 1364 1907 euripus,
1378 1839 1475 1907 quibus
1489 1838 1645 1892 membrana
1657 1838 1699 1891 vol
1711 1854 1768 1903 per-

127 1918 217 1966 terum
233 1904 420 1963 commentarii
432 1905 476 1961 ιιι
490 1919 559 1961 unus
573 1913 620 1959 aut
631 1905 700 1961 alter
712 1915 829 1961 ιιιιιιιι.
846 1905 923 1970 erod
975 1906 1071 1969 lerata,
1085 1915 1112 1961 ct
1127 1909 1161 1960 ab
1176 1916 1325 1962 atramento
1341 1922 1421 1962 exesa
1436 1907 1588 1975 interlucet,
1605 1910 1647 1962 vel
1664 1905 1768 1978 lugien-

129 1983 269 2035 sicaetera
290 1976 427 2041 abessent,
450 1975 547 2046 quibus
571 1976 748 2031 ecclesiastici
773 1975 832 2031 libri
847 1989 922 2031 eom·
974 1976 1041 2029 tium
1057 1976 1206 2031 litterarum
1226 1977 1383 2032 tenuissima
1394 1980 1504 2047 vestigia
1518 1978 1559 2032 ιιι
1576 1979 1677 2033 retinet
1689 1995 1695 2031 :
1709 1978 1769 2031 uni-

130 2048 253 2106 mendari
265 2047 364 2110 solent,
378 2047 413 2102 ad
428 2045 508 2115 hujus
527 2046 645 2116 pretium
660 2048 756 2101 urinum
772 2047 799 2102 in
814 2045 922 2100 modurn
975 2048 1072 2100 verslm
1086 2047 1161 2100 bone
1176 2049 1257 2102 etiarn
1270 2060 1351 2112 trote,
1372 2058 1399 2103 et
1412 2048 1504 2103 multis
1519 2048 1580 2103 aliis
1594 2057 1767 2118 comparatos

130 2120 281 2192 augendum
297 2117 413 2172 diverse
428 2117 481 2171 ille
499 2117 570 2172 sacri
588 2124 677 2173 textus
693 2117 820 2172 lectiones
833 2124 861 2172 et
874 2131 924 2169 an·
974 2116 1150 2171 correctionis
1165 2118 1242 2172 la'ude
1253 2132 1305 2174 uon
1317 2134 1431 2184 careus;
1449 2120 1540 2188 plures
1550 2119 1621 2173 eninr
1633 2117 1767 2173 interdum

126 2193 211 2261 tiquce
225 2187 358 2244 versionis
379 2187 474 2253 busta,
500 2201 560 2268 quac
576 2187 654 2240 ntrbis
672 2186 792 2256 exbibet,
817 2186 925 2241 abunde
974 2187 1084 2254 prginas
1098 2188 1177 2243 oculo
1200 2189 1331 2244 lundense
1353 2204 1505 2256 percurras,
1532 2189 1655 2258 quamvis
1670 2187 1768 2243 deinde

128 2262 294 2318 auilicereut.
314 2256 428 2312 borreto
450 2256 581 2325 aiqrudem
603 2270 664 2311 cum
684 2271 716 2311 et
732 2270 846 2323 canente,
867 2265 922 2311 tum
974 2256 1070 2310 menda
1087 2258 1222 2311 turmatim
1238 2258 1335 2312 alieubi
1350 2266 1515 2315 occurrant:
1538 2258 1596 2315 sive
1618 2259 1767 2314 diuersitas

127 2347 161 2386 ex
183 2328 371 2392 hemistichiis,
397 2341 457 2397 quae
473 2328 598 2396 capitulis
616 2328 775 2396 explanator
795 2324 922 2397 prellxit,
977 2324 1036 2380 hee
1056 2337 1136 2393 euque
1150 2328 1328 2383 inconstantia
1345 2339 1448 2383 rtrutatu
1464 2330 1583 2393 librario,
1599 2329 1656 2384 sive
1671 2327 1769 2382 remis·

127 2400 241 2470 Vulgata
255 2413 328 2464 eum,
344 2398 401 2452 siro
413 2396 620 2467 hieronymiana
636 2397 760 2452 versione
776 2412 852 2452 usum
868 2411 924 2452 non
973 2409 1005 2449 so
1019 2396 1163 2467 aliquando
1180 2408 1207 2452 et
1220 2398 1364 2459 deintiaatu
1378 2399 1533 2466 imputanda
1550 2399 1596 2455 sit.
1614 2400 1648 2454 ιιι
1663 2400 1769 2453 erudito

77 2478 86 2488 “
127 2486 200 2539 esse,
215 2470 261 2524 sed
278 2469 374 2524 reteri.
390 2466 507 2523 Proinde
520 2465 715 2535 discrepantias
731 2467 772 2522 rel
787 2466 922 2530 minimas,
973 2467 1064 2521 sacculi
1080 2468 1386 2539 geuiouroremgeram,
1404 2469 1517 2524 lormaro
1540 2469 1691 2525 litterarum
1704 2468 1771 2523 scri·

129 2542 242 2612 volgata
255 2538 371 2594 lectione
391 2537 503 2606 margini
517 2536 633 2604 adjecta,
648 2538 765 2593 brdtcavt
780 2556 785 2591 :
801 2537 854 2593 ille
863 2536 924 2607 qui·
973 2544 1112 2607 pturaequc
1121 2540 1258 2606 specimen
1272 2553 1393 2610 propono
1404 2558 1412 2596 ι
1425 2555 1475 2596 ιιι
1489 2540 1591 2595 librarii
1604 2554 1654 2595 nec
1666 2546 1770 2610 tempo·

126 2613 190 2667 dem
204 2610 323 2665 studium
339 2617 419 2676 atque
439 2622 548 2675 operam
572 2607 598 2660 iu
615 2620 721 2660 sacrum
738 2617 852 2672 textum,
879 2609 923 2661 in·
973 2607 1012 2661 ris
1024 2618 1086 2660 nrvta
1101 2608 1154 2661 ulla
1168 2610 1275 2662 visitur.

127 2698 181 2751 que
195 2683 255 2750 ejus
265 2678 514 2748 interpretationem
526 2676 697 2732 conferentes
705 2677 837 2746 jrrvahunt
850 2692 924 2732 sirm·
1009 2675 1098 2731 iiahes
1124 2676 1152 2732 iu
1176 2678 1262 2747 primo
1287 2678 1434 2747 specimine
1457 2694 1504 2734 ιιιι
1527 2677 1646 2733 auctoris
1668 2693 1768 2737 nomeu

126 2766 249 2823 mopere,
264 2751 406 2817 uruitisque
419 2763 451 2803 ac
470 2747 630 2813 perutilibus
644 2747 923 2803 animadversionibus
972 2743 1044 2801 nove
1057 2745 1222 2815 scripserim.
1237 2758 1263 2803 et
1280 2762 1358 2804 secus
1374 2766 1406 2805 ae
1418 2750 1525 2804 soleat:
1542 2763 1602 2803 eum
1618 2749 1691 2804 enirn
1708 2757 1771 2817 post

127 2836 222 2878 arraam
242 2821 410 2891 probeuom.
434 2820 558 2888 notique
577 2828 667 2873 nortem
683 2817 816 2872 versionis
831 2817 920 2873 abbis
972 2826 1058 2872 artem
1092 2819 1312 2888 typographicam
1345 2821 1483 2875 inventam
1516 2832 1664 2886 uunquam,
1698 2818 1770 2888 quod

126 2892 367 2962 Gompieainnibus
380 2899 505 2957 excerpto
524 2887 672 2957 iragrncuta
685 2903 717 2943 eo
728 2888 810 2957 pluris
822 2887 923 2943 iacien·
972 2886 1113 2952 sciamus,
1145 2897 1229 2944 ιιιιιιι
1260 2888 1399 2944 vetustatis
1430 2889 1655 2943 Cassiodoriauus
1681 2888 1769 2943 codex

126 2962 161 3018 da
182 2972 261 3027 sunt,
278 2975 331 3032 quo
353 2962 430 3013 uobis
454 2974 468 3011 ι
494 2957 667 3014 Cassiodorio
691 2960 841 3023 truduntur,
864 2960 923 3015 viro
973 2959 1128 3027 emerserit,
1140 2960 1261 3028 alquein
1275 2959 1409 3015 editorum
1423 2973 1518 3015 manus
1532 2959 1686 3025 devenerit,
1705 2957 1733 3013 id
1743 2960 1770 3013 iu

126 3034 232 3088 scilicet
252 3032 280 3087 iu
299 3032 409 3100 optimis
422 3043 561 3083 sacrorum
577 3029 706 3083 librorum
721 3028 921 3098 cuempiarihus
975 3028 1070 3099 primis
1086 3038 1179 3085 nostro
1191 3028 1361 3100 debebimus,
1379 3039 1481 3086 utvera
1502 3032 1610 3084 tandem
1622 3028 1701 3093 hujus
1717 3042 1769 3083 no·

126 3103 288 3171 deligendis,
313 3114 340 3155 nt
356 3116 388 3155 ex
412 3099 514 3154 uirrnts
540 3098 712 3154 Lectionibus
734 3099 918 3171 intelligimus,
935 3091 959 3155 C
974 3098 1055 3155 miuis
1069 3099 1177 3155 indexio
1191 3099 1341 3156 innoteseat
1360 3119 1368 3155 a
1388 3099 1565 3156 Casdodoriaa
1578 3098 1712 3168 siquidem
1727 3113 1772 3153 re-

126 3175 343 3237 accuratissimo,
359 3184 508 3240 eorumque
526 3168 744 3225 eurerrdatiouem
759 3185 791 3226 ιι
806 3169 920 3226 lorrtium
972 3168 1041 3226 clius
1055 3181 1097 3226 est
1111 3170 1218 3241 dicere,
1239 3171 1309 3240 quod
1325 3170 1422 3240 triplici
1444 3170 1522 3240 huius
1537 3170 1712 3238 manuscripti
1730 3179 1771 3224 te·

125 3248 210 3299 eriam
235 3242 403 3313 inspectione
430 3239 529 3295 acriter
553 3239 693 3296 suadente.
723 3240 921 3311 biserepamlas
972 3240 1101 3296 alimonio
1116 3240 1210 3311 liquet.
1224 3241 1272 3297 ιιιι
1283 3250 1358 3298 certe
1372 3243 1398 3297 in
1411 3241 1497 3298 rebus
1506 3240 1663 3295 Tertulliani
1678 3253 1770 3294 canon

126 3314 234 3371 illorum
249 3309 600 3368 ctiom'lucorumsuhinde
612 3310 748 3376 adnotavi,
763 3325 822 3382 quae
834 3312 860 3366 in
875 3327 923 3367 ex·
972 3309 1077 3368 obtinet
1088 3328 1096 3365 a
1109 3309 1143 3365 lu
1157 3312 1252 3378 uerius,
1266 3312 1336 3383 qvod
1352 3313 1423 3379 prius
1432 3312 1509 3383 (Ado.
1522 3310 1605 3365 horr.
1620 3311 1638 3363 l.
1648 3324 1685 3370 ιι,
1698 3306 1771 3379 ιι).

127 3384 290 3455 ιιιιιιιιιοιιιι
303 3390 430 3437 eorrtextu
444 3395 499 3435 nou
514 3381 599 3435 semel
618 3391 782 3437 occurrunt:
799 3383 923 3452 quamvis
973 3382 1042 3448 Quin
1058 3382 1189 3452 gentilitia
1206 3386 1315 3437 uomina
1330 3383 1401 3453 apud
1417 3384 1554 3438 ilornauna
1577 3377 1770 3449 utplurimum

127 3454 162 3510 de
186 3454 220 3508 iis
243 3452 341 3524 ambigi
366 3456 462 3520 possit,
488 3452 589 3519 ipsisne
609 3451 772 3520 exemplaris
784 3452 874 3507 verbis
888 3468 922 3507 an
973 3451 1001 3507 in
1023 3453 1064 3506 ius
1077 3449 1203 3509 desinere
1224 3453 1409 3524 pervulgatum
1430 3462 1483 3508 est.
1506 3451 1546 3507 ιιι
1561 3451 1669 3506 Aurelia
1689 3458 1770 3518 gente

127 3523 330 3596 paraphrastice
344 3531 390 3576 aut
404 3522 560 3576 memoriter
572 3520 605 3574 ιιι
619 3522 774 3589 expositore
788 3521 924 3577 adducun·
974 3521 1191 3578 Gooiodororum
1214 3522 1319 3579 familia
1336 3524 1422 3593 primo
1435 3521 1530 3588 liutit;
1554 3536 1606 3589 qua
1629 3520 1728 3575 deinde
1742 3521 1771 3574 iu

129 3605 194 3650 tur:
210 3609 271 3683 que
285 3592 405 3674 suspicio
418 3600 479 3646 orta
493 3591 559 3646 mihi
583 3599 625 3646 est
639 3592 787 3658 aliquando
802 3593 828 3645 iu
843 3595 925 3646 acto·
976 3595 1066 3649 varias
1079 3592 1178 3663 stirpes
1191 3595 1288 3649 iterum
1307 3593 1448 3659 distracta,
1468 3592 1632 3648 consiliosius
1645 3590 1772 3661 gerrtilltii

129 3679 190 3721 rum
203 3660 454 3730 complexionibus,
479 3676 540 3716 cum
557 3675 573 3714 a
590 3662 727 3715 courruuui
742 3671 816 3716 testu
829 3674 925 3715 versus
975 3663 1092 3718 nominis
1107 3665 1239 3718 rationem
1253 3664 1379 3730 obtinuit,
1395 3667 1421 3719 iu
1436 3665 1526 3731 plures
1541 3661 1656 3716 [amilius
1669 3659 1771 3726 diiiosi,

127 3734 237 3805 quidam
252 3733 331 3789 nimis
345 3731 473 3789 recedere
486 3732 651 3786 riderentur.
666 3729 819 3787 inlirmator
835 3740 924 3785 tamen
975 3733 1081 3787 etiamsi
1097 3734 1152 3789 κατ’
1166 3734 1260 3805 lingua
1273 3734 1308 3788 ab
1326 3734 1371 3787 ilia
1392 3732 1575 3800 praeferretur,
1598 3745 1659 3800 que
1673 3740 1771 3785 aucto-

127 3805 249 3874 auspieio
268 3805 337 3868 baec,
360 3801 433 3874 quod
448 3801 476 3857 in
491 3802 582 3856 verbis
600 3801 667 3871 ipsis
682 3801 820 3871 prepositi
834 3808 925 3855 textus
976 3818 1033 3858 rern
1054 3811 1174 3856 nostrum
1190 3803 1322 3868 ediderat,
1339 3802 1403 3857 lar.
1417 3804 1463 3856 lib.
1487 3816 1507 3864 r,
1523 3801 1604 3869 epist.
1619 3798 1648 3853 d.
1666 3799 1771 3854 Carsio-

128 3874 297 3942 hemistichia
313 3872 472 3943 quandoque
486 3870 619 3943 legantur,
645 3885 706 3941 quae
727 3871 817 3925 addita
841 3872 927 3940 expli·
976 3875 1054 3929 deror
1071 3875 1117 3943 (ut
1132 3873 1261 3927 haetenus
1277 3888 1417 3941 perperam
1431 3869 1606 3939 scripsimus)
1626 3870 1771 3937 preceden-

127 3945 243 4001 catiouis
255 3958 303 3999 seu
315 3945 493 3998 courtexiunis
508 3942 592 4015 gratia
609 3940 693 3996 rideri
711 3941 830 4011 pussiut;
851 3950 881 3996 ut
893 3941 925 3995 ri·
977 3954 1014 4000 tes
1036 3948 1106 4014 {omo
1124 3941 1298 4009 concelebrem
1315 3944 1385 4010 quod
1404 3942 1565 4006 accolatum,
1578 3941 1626 3994 alsi
1644 3954 1689 4008 per
1705 3940 1772 3994 alius

127 4016 174 4072 iud
185 4016 245 4071 hcl.
256 4028 311 4082 ιιι,
329 4014 376 4070 le:
393 4012 508 4082 Cumque
529 4011 566 4066 rot
587 4021 820 4077 consumerentur,
840 4023 865 4066 et
879 4012 927 4065 du·
976 4015 1092 4070 uideatur
1105 4029 1215 4080 currere,
1230 4016 1363 4084 proprioru
1379 4023 1462 4068 tomen
1476 4013 1532 4082 rjus
1546 4017 1645 4067 comtot
1658 4025 1712 4065 esu
1726 4009 1769 4079 sa·

126 4097 235 4151 serent:
251 4086 342 4141 itidem
359 4099 413 4151 xva,
430 4082 588 4155 ullamque
603 4082 753 4137 circrrisseut
771 4081 819 4136 hus
841 4084 927 4136 untio-
978 4087 1065 4140 nolite.

127 4170 192 4211 nea:
203 4170 263 4228 qua·
272 4155 399 4210 tamenin
411 4153 557 4223 exemplari
568 4168 617 4209 suo
629 4154 803 4223 interpretem
817 4153 926 4226 legisse,
1014 4157 1152 4211 Summam
1164 4154 1243 4210 iidem
1252 4154 1278 4210 iu
1290 4155 1340 4209 bae
1352 4153 1473 4211 editione
1484 4149 1639 4208 instruendo
1647 4149 1771 4219 adhibui,

127 4228 219 4283 trullus
242 4225 356 4282 dubito:
372 4225 438 4294 quin
453 4233 499 4279 aot
513 4226 620 4289 cadem,
637 4234 682 4279 aut
705 4222 801 4278 similia
819 4223 929 4279 Graecus
977 4238 1005 4283 et
1034 4240 1085 4281 ms.
1109 4226 1192 4280 etiam
1216 4226 1243 4279 in
1268 4225 1468 4291 mirrutioribus,
1491 4231 1620 4293 quantum
1644 4221 1702 4276 lieri
1722 4236 1772 4290 po·

128 4297 229 4368 aliquis
240 4296 326 4354 eudes
342 4295 471 4365 praetulit,
484 4305 512 4350 ut
526 4292 654 4348 Waltonii
672 4293 929 4362 precipueiariuu·
978 4298 1041 4362 tuit,
1066 4295 1171 4351 inhaesi.
1188 4296 1239 4361 Qtri
1253 4298 1392 4377 antiquum
1409 4301 1612 4349 mouumentum
1628 4291 1662 4346 ah
1676 4305 1771 4346 esem-

128 4378 173 4423 tos
198 4367 341 4424 Lectiones
366 4372 511 4422 testantur.
532 4368 568 4420 ht
589 4366 622 4419 de
646 4364 688 4419 his
712 4365 928 4433 peueseruditos
980 4368 1046 4439 plari
1063 4368 1141 4421 unico
1157 4368 1258 4434 primus
1272 4377 1342 4421 eruo
1357 4381 1389 4420 ae
1406 4365 1517 4434 profert,
1535 4363 1601 4419 satis
1615 4371 1722 4416 cautium
1742 4369 1770 4417 et

129 4436 264 4509 judicium
281 4448 360 4492 esto:
387 4437 483 4506 qulbus
505 4438 531 4490 in
547 4435 589 4491 hs
604 4434 843 4503 conrpteaiouibus
858 4450 928 4489 nova
942 4441 1203 4518 „circumspectum
1218 4451 1248 4491 sc
1258 4445 1388 4505 prestare
1403 4436 1448 4489 ιιι
1464 4434 1564 4502 pressim
1579 4433 1602 4487 is
1615 4433 1686 4487 enirn
1705 4431 1770 4501 quid

103 4560 115 4577 ,
132 4523 239 4579 qnoque
253 4514 281 4562 ιι
295 4505 439 4575 peculiaris
451 4505 477 4560 iu
494 4505 581 4575 capita
595 4507 679 4561 sectio
690 4504 928 4560 animadvertenda
959 4528 966 4547 ι
982 4509 1132 4579 posteritati
1143 4508 1215 4561 omni
1231 4506 1374 4575 legendum
1387 4508 1423 4561 sit
1441 4507 1555 4575 imperat
1569 4517 1601 4558 ιι
1621 4502 1708 4573 jubet.
1730 4502 1770 4557 hd

130 4580 204 4633 evita
218 4578 244 4632 id
256 4579 384 4647 temporis
394 4579 498 4631 scilicet
510 4591 648 4631 sacrorum
660 4576 788 4630 libroruin
798 4585 828 4629 ut
837 4590 929 4631 euren-
981 4581 1154 4635 constitutam
1170 4578 1235 4632 mibi
1255 4578 1335 4632 sudem
1353 4577 1487 4646 pertinere
1502 4573 1617 4635 credidi,
1634 4573 1700 4627 uihii
1722 4573 1772 4626 im·

973 509 1060 625 [titre
1076 500 1219 556 lectionem
1237 502 1354 556 araxima
1369 516 1432 558 cura
1446 500 1606 560 deliaendos
1621 505 1648 560 in
1663 505 1768 561 Divinis

134 4649 282 4711 dationem,
307 4652 342 4702 ιιι
359 4661 407 4718 pro
426 4645 539 4701 arbitrio
554 4652 666 4716 quisque
688 4645 738 4699 sibi
756 4647 928 4715 partitionem

131 4718 323 4776 concinnabat.
341 4717 378 4773 be
391 4717 474 4772 veteri
485 4719 601 4787 capitum
614 4718 797 4785 distinctione,
809 4718 929 4785 Scriptu-

130 4804 223 4861 raequo
242 4797 342 4845 sanetae
355 4789 542 4844 sticlroauetria
559 4800 651 4843 notum
665 4796 719 4853 est,
744 4802 825 4857 quam
845 4786 928 4842 mulla

130 4859 327 4930 disputaverint
340 4857 390 4913 viri
403 4858 486 4914 ducti.
507 4858 648 4929 Nunquam
663 4874 728 4915 veru
742 4862 841 4928 [rastra
854 4857 928 4913 loho-

129 4946 202 4994 rtvra,
224 4930 271 5003 qui
291 4930 377 4985 sacris
400 4940 519 4985 veterum
542 4928 775 4984 lucubrationibus
797 4927 924 4983 eruendis

130 5017 243 5073 operatu
269 5009 359 5064 uarat,
383 5001 426 5055 vei
449 5015 518 5056 urrus
541 5002 635 5055 barum
650 5000 876 5069 conrptertonoor
891 5000 925 5054 de

129 5070 267 5129 'trinitate
282 5072 359 5127 loeus
369 5073 435 5126 satis
449 5080 581 5126 testatur:
596 5071 714 5126 norrduru
728 5071 800 5125 enim
821 5071 856 5126 ad
876 5071 924 5125 bo·

129 5143 241 5201 dismas
255 5143 448 5212 expugnandos
463 5140 599 5198 Unitarlns
612 5144 654 5198 vei
668 5141 925 5212 procreandorum

131 5214 262 5271 invictum
276 5223 385 5283 tumque
394 5212 564 5269 ineluctabile
575 5214 755 5269 testimonium
765 5219 924 5268 emerserat.

130 5286 258 5340 Clamant
270 5284 327 5351 isti,
340 5284 487 5353 scripture
500 5284 675 5352 uersiculum,
690 5298 743 5354 quo
756 5280 925 5339 sanctissima

129 5356 210 5413 ἲιίιι
224 5358 365 5427 perspicue
377 5356 500 5420 docetur,
523 5354 554 5411 S.
575 5355 687 5412 inauuis
710 5353 795 5423 Epist.
812 5352 834 5421 ι,
856 5369 881 5409 ι.
896 5367 924 5419 v,

129 5426 160 5483 in
175 5427 270 5499 priscis
284 5425 423 5483 codicibus
443 5426 627 5495 utplurimum
642 5439 695 5482 non
711 5423 835 5494 reperiri,
850 5432 878 5479 et
890 5422 924 5479 ah

129 5499 249 5569 antiquis
263 5498 388 5553 Patribus
404 5496 501 5553 lectum
516 5512 569 5553 uon
581 5512 654 5562 esse,
669 5497 801 5553 hiricanis
811 5495 923 5566 quihus·

129 5566 196 5625 dam
207 5571 338 5639 exeeptis.
365 5571 401 5622 ht
413 5568 493 5623 docet
509 5582 558 5623 nos
573 5567 735 5623 cassiodorii
760 5566 923 5636 interpreta-

130 5641 170 5697 tio
183 5640 282 5694 lectum
298 5640 402 5709 abipso
417 5638 500 5694 luisse
514 5657 520 5705 ;
536 5655 588 5710 quo
598 5649 703 5694 ιιιιιιιιι
715 5646 743 5693 ιι
756 5639 783 5692 ιι
796 5637 923 5692 lioruunis

130 5711 333 5781 erenrpluarbus
350 5713 504 5775 exstitisse:
526 5712 687 5780 quibusoam
707 5709 819 5769 auteur?
843 5708 922 5763 uirtut-

981 4661 1095 4712 tnutare,
1121 4659 1149 4702 ut
1175 4649 1298 4720 sportatio
1315 4650 1475 4718 quandoque
1500 4643 1681 4708 restiturum
1698 4652 1724 4697 et
1738 4642 1773 4698 de

981 4736 1042 4776 tneo
1053 4720 1117 4774 nibil
1131 4719 1240 4784 addere,
1257 4721 1349 4772 autad
1369 4733 1489 4780 sensum,
1506 4717 1551 4785 qui
1572 4713 1680 4767 rrrrrtilns
1695 4712 1771 4766 vide·

980 4801 1065 4857 retur,
1081 4791 1278 4860 integrandum,
1295 4799 1340 4842 aut
1355 4789 1388 4842 ad
1404 4789 1512 4841 lucunas
1536 4786 1642 4851 aliquas
1658 4782 1771 4849 expleu-

982 4863 1045 4919 das:
1071 4876 1138 4931 quas
1159 4863 1369 4928 congruentibus
1388 4858 1497 4927 quidem
1522 4864 1657 4919 trtcrauque
1680 4851 1772 4907 verbis

978 4933 1104 5004 supplere
1119 4932 1144 4984 in
1161 4941 1284 4997 puroruptu
1297 4937 1337 4982 est
1353 4938 1381 4980 ut
1397 4926 1555 4996 pluriururu;
1581 4923 1770 4977 abstinendum

978 5015 1067 5059 tarrrou
1082 5002 1159 5063 duri,
1173 5002 1216 5055 ubi
1228 4999 1322 5053 cadem
1338 5001 1406 5066 iqua,
1417 4997 1524 5065 quaeret
1533 4991 1771 5050 membranaatbe-

977 5082 1071 5131 scente
1081 5080 1256 5131 evnuueruut,
1273 5069 1316 5124 vel
1326 5081 1437 5125 corrosa
1445 5066 1573 5121 deliciunt
1583 5064 1667 5132 (velut
1682 5061 1772 5129 phoa

977 5144 1126 5271 Eaedem.
1140 5142 1232 5212 itta),
1244 5140 1322 5194 obriu
1333 5152 1442 5208 prorsus
1453 5147 1480 5193 et
1489 5135 1636 5191 indubium
1644 5148 1698 5187 uon
1706 5134 1783 5187 sint.-

991 5215 1216 5277 'meudntionnm
1240 5222 1306 5280 quus
1325 5223 1387 5264 raro
1400 5208 1521 5270 adhibui,
1538 5207 1581 5260 uhi
1602 5218 1697 5283 opere.
1711 5218 1772 5273 prc-

979 5288 1044 5341 tiuru
1058 5287 1092 5340 ait
1105 5283 1268 5348 admonebo,
1281 5288 1348 5335 utet
1362 5283 1426 5348 ipre
1439 5277 1474 5332 ah
1487 5277 1547 5330 aliis
1561 5275 1698 5354 emendari
1710 5286 1770 5355 pos-

976 5356 1046 5413 siut:
1065 5357 1116 5411 ιιοι
1130 5354 1153 5409 si
1168 5353 1357 5422 praestitissent
1376 5348 1520 5403 transactis
1539 5344 1706 5415 temporibus
1720 5357 1773 5399 rvr·

976 5427 1034 5493 tici.
1049 5437 1168 5483 veterum
1192 5427 1293 5489 scripta
1316 5423 1453 5491 aibprantu
1473 5417 1571 5473 melius
1596 5428 1774 5497 pernoscere·

976 5513 1054 5561 mus;
1080 5494 1321 5552 innumerosorum
1337 5495 1412 5548 lucos
1427 5505 1458 5547 ιι
1479 5488 1592 5544 arhitrio
1607 5486 1771 5548 reiterentu,

975 5570 1146 5638 antiquorum
1165 5566 1288 5621 codicum
1314 5563 1443 5620 lectiones
1466 5560 1499 5617 ab
1523 5559 1608 5612 oeulis
1630 5555 1773 5637 subduxe-

975 5649 1049 5697 runt.
1065 5639 1122 5693 Nun
1141 5652 1173 5692 ca
1193 5635 1378 5691 tautummodo
1402 5648 1483 5702 quarn
1504 5629 1571 5685 mibi
1585 5640 1725 5696 propostam
1741 5623 1770 5678 ιιι

975 5726 1026 5767 tus.
1042 5707 1194 5766 ertobeodo
1210 5707 1287 5775 tides,
1300 5705 1347 5761 scd
1361 5704 1467 5775 irupolu
1488 5702 1568 5758 ιιιιιιι
1584 5713 1626 5752 ιιιι
1641 5708 1772 5755 onustans
