3802 6120
136 325 185 382 set
563 329 748 387 exaustrto
767 331 800 385 m
822 326 1050 384 asserentur.
1072 328 1169 387 esau.
1188 330 1316 389 suunt.
1712 288 1777 401 sau

173 445 249 500 l'ors.
272 444 315 499 25.
342 445 469 511 Quoniam
493 446 614 514 percussit
638 453 736 513 potrum
759 451 783 495 et
799 443 965 510 {lurerttutA
1018 438 1092 492 l'ers.
1115 439 1159 495 28.
1187 439 1283 495 Panem
1307 439 1454 511 onpelormn
1479 439 1639 495 rnondttcttait
1661 440 1764 498 bomo:

136 551 227 604 aqum,
246 544 269 590 et
288 545 410 589 torrentes
428 535 642 590 iurandareruut:
662 533 776 601 nunquid
796 541 818 584 et
837 543 928 599 ponem
979 533 1201 600 {rutruntotsonern
1222 533 1290 586 arisit
1312 533 1347 586 eis
1362 535 1388 586 iu
1408 531 1575 585 obnudmtio.
1589 530 1673 602 caput
1686 526 1765 602 primi

136 631 226 700 poterit
246 629 325 694 dure,
344 636 389 683 out
408 644 500 697 parare
520 644 634 682 mensam
653 625 748 696 populo
766 623 832 678 suo?
845 619 928 675 Nimis
978 637 1072 678 sersus
1095 624 1172 680 istius
1196 625 1230 681 de
1253 623 1434 693 superioribus
1458 622 1570 692 pendet;
1585 620 1651 678 dixit
1670 622 1764 678 eninr:

137 724 205 776 latua
219 723 346 793 cogitatio
361 722 512 790 exemplum
522 721 610 790 stagni
622 717 742 773 miraculi
755 715 860 779 dare,et
871 714 928 778 ejus
980 713 1079 769 lorium
1089 716 1145 770 coli
1158 717 1274 785 aperuit,
1290 726 1317 771 et
1332 717 1513 785 consequitur,
1527 714 1593 785 pluit
1605 710 1656 768 iliis
1672 729 1766 768 monitu

136 822 270 868 auctorem
292 814 318 866 in
341 813 452 882 reliquis
470 811 593 866 arbitrari
610 825 688 879 pose
713 807 838 862 debuere.
861 803 926 858 Num
979 810 1145 863 ntunduenre.
1160 807 1251 875 Piuit,
1266 807 1351 871 ussit.
1367 816 1393 862 ut
1409 807 1560 864 ostenderet
1574 822 1643 861 aseae
1658 806 1765 860 uirrriam

135 906 179 976 qui
204 906 239 960 de
264 917 339 973 petra
351 903 431 973 jussit
453 918 536 973 aquas
556 903 684 968 elssuere,
701 915 750 955 eur
764 913 817 954 noa
830 898 929 952 laceret
979 899 1144 966 largitatem,
1157 914 1218 970 quae
1232 912 1356 970 tarrquam
1376 899 1464 968 pluria
1485 897 1518 953 de
1533 897 1602 954 eoelo
1616 897 1764 952 deseendit.

134 1009 213 1052 escas
225 1009 316 1049 aerem
330 995 461 1049 esurienti
479 993 577 1063 populo
593 989 928 1057 ministrareiQuosirero
978 991 1012 1044 Et
1034 1006 1068 1045 uo
1094 990 1232 1045 dubitares
1255 1005 1314 1057 qtrse
1339 988 1418 1043 luerit
1437 988 1483 1043 illa
1507 986 1611 1056 pluria,
1631 989 1763 1057 sequitur,

135 1072 181 1144 ilia
189 1086 264 1156 jutus
281 1085 371 1155 aliquo
390 1082 552 1138 adminiculo
566 1086 681 1153 potuerit
694 1084 797 1146 lacere,
820 1080 869 1133 istu
882 1094 928 1134 so·
978 1097 1074 1135 ntouno
1084 1083 1247 1135 munducare.
1264 1080 1361 1135 Manno
1373 1081 1561 1150 iuterpretatur
1571 1077 1633 1147 qnid
1644 1085 1686 1134 est
1697 1078 1766 1133 boo?

128 1172 176 1237 'lus
186 1194 240 1234 non
255 1176 383 1232 valuisset
396 1176 522 1247 implere!
536 1176 589 1232 Sed
601 1176 670 1231 bane
681 1174 811 1230 reeordiae
823 1173 927 1242 eulpam
977 1174 1048 1245 quod
1062 1167 1162 1229 sanetae
1185 1173 1364 1228 communioni
1384 1172 1512 1228 decenter
1534 1171 1657 1240 aptamus
1680 1188 1686 1224 :
1707 1170 1767 1239 quia

127 1202 214 1342 {saulo
228 1274 287 1336 post
297 1265 418 1335 sequitur
430 1264 546 1320 virudieta
560 1263 722 1331 iustissima,
748 1277 781 1318 ne
795 1263 855 1332 quis
868 1271 929 1331 post
978 1266 1042 1322 dum
1062 1266 1218 1321 admirando
1232 1265 1308 1321 uibus
1327 1265 1377 1321 iste
1392 1263 1562 1334 perquiritur,
1584 1261 1704 1332 eorporis
1717 1261 1767 1316 do·

123 1350 193 1420 lues
204 1358 266 1412 talia
280 1356 398 1426 cogitare
410 1364 592 1426 praesumeret„
979 1358 1070 1413 striniei
1083 1373 1193 1413 munera
1214 1356 1392 1413 declarantur.
1414 1356 1538 1423 Addidit,
1553 1371 1644 1425 putrore
1658 1352 1714 1410 cut
1724 1353 1768 1408 de·
1789 1378 1792 1384 ·
1829 1408 1833 1415 ,

173 1451 249 1506 l‘ers.
265 1449 309 1504 il.
325 1446 496 1503 ldeooudiait
511 1447 634 1502 liomiuus
646 1455 670 1500 rt
681 1445 792 1511 distulit,
803 1452 826 1498 tt
841 1458 929 1513 strper-
979 1451 1017 1502 dit
1029 1450 1074 1503 eis.
1089 1448 1152 1514 Quis
1167 1458 1209 1503 est
1223 1449 1292 1504 alter
1306 1448 1382 1516 panis
1395 1448 1466 1514 coeii,
1482 1447 1533 1503 uisi
1546 1446 1667 1502 Christus
1679 1443 1768 1500 bomi-

122 1440 231 1614 Iposuit,
243 1551 267 1596 et
281 1542 349 1612 ipris
364 1556 485 1594 accensus
496 1549 532 1593 est
545 1539 569 1592 in
586 1538 675 1603 Jacob,
691 1549 713 1592 et
726 1538 764 1591 iro
777 1536 929 1590 asrmuttu
981 1554 1041 1605 nus,
1071 1543 1141 1595 urrde
1159 1540 1279 1594 coetestta
1302 1539 1467 1608 spiritualem
1483 1552 1572 1594 eseam
1595 1537 1714 1607 capiunt,
1741 1544 1769 1591 et

134 1631 232 1687 lueet.
249 1631 327 1686 verrit
346 1630 379 1685 sd
405 1640 526 1699 quartam
546 1640 667 1699 partem,
691 1628 735 1684 ubi
756 1642 802 1698 per
817 1627 928 1697 liguram
980 1630 1158 1686 delectatione
1179 1629 1357 1686 inestimabili
1378 1629 1570 1700 pertruuntur?
1585 1629 1704 1697 benique
1729 1627 1769 1682 sie

135 1723 368 1794 spuatbroismos,
387 1735 447 1790 qua
463 1719 557 1775 Latine
570 1719 667 1775 dieitur
684 1719 869 1788 congregatio,
883 1717 929 1772 lu·
979 1721 1109 1792 respuitur,
1125 1737 1217 1793 ponem
1239 1722 1386 1792 onpeiorum
1404 1720 1565 1775 manducarit
1583 1718 1668 1774 bomo.
1689 1716 1769 1772 Partis

134 1814 257 1867 duorum
269 1811 382 1865 erimina
396 1809 568 1881 colliguntur.
584 1809 653 1865 beas
669 1809 741 1864 enim
756 1807 931 1879 cogitationes
947 1805 1048 1882 Berge
1060 1813 1213 1882 angelorum
1233 1812 1301 1866 bene
1323 1810 1420 1865 dieitur
1441 1809 1580 1877 cbristus,
1596 1808 1657 1878 quia
1677 1820 1769 1863 resera

135 1903 373 1968 murmurantium,
385 1902 465 1956 etiam
486 1901 575 1970 lingua
597 1901 761 1970 quieuere,
773 1897 928 1968 cognoscit,
982 1906 1065 1973 ipsius
1080 1904 1158 1959 tauris
1173 1913 1327 1974 pascuntur.
1343 1903 1433 1972 Neque
1455 1903 1527 1959 enim
1542 1899 1710 1972 corporalem
1723 1915 1769 1969 pa·

135 1995 182 2065 qui
194 1994 269 2049 solus
282 2001 371 2065 potest
386 1994 520 2048 internum
538 1994 700 2063 tacitumque
716 1999 855 2045 tractatum
870 1997 930 2047 tan,-
982 2010 1042 2051 uem
1058 1996 1144 2067 angeli
1159 1996 1320 2052 manducare
1332 1993 1459 2051 credendi
1475 2003 1548 2061 sunt,
1572 1992 1621 2049 sed
1642 1992 1688 2048 itta
1705 2006 1769 2048 eorr-

136 2103 217 2158 quam
240 2088 384 2142 clamorem
407 2103 510 2158 raugam
525 2087 598 2141 vocis
617 2085 720 2141 audire.
746 2083 799 2139 Sed
823 2082 931 2138 intende
981 2086 1154 2158 ternplatioue
1168 2085 1284 2152 Domini,
1299 2101 1351 2156 qua
1367 2084 1490 2141 sublimis
1504 2091 1624 2140 ereatura
1639 2082 1769 2138 tolleitur.

136 2180 210 2251 quod
224 2181 297 2248 prius
312 2180 389 2245 dixit,
404 2178 520 2244 distulit;
534 2193 603 2234 nune
620 2177 735 2243 addidit,
750 2174 931 2246 superparem
981 2177 1079 2233 lentur
1094 2176 1136 2232 bie
1151 2179 1227 2250 panis
1240 2177 1267 2232 in
1281 2177 1351 2234 ooelo
1368 2176 1455 2247 replet
1474 2176 1601 2248 angelos,
1614 2184 1641 2231 et
1659 2188 1709 2231 not
1724 2189 1770 2245 pa·

136 2288 172 2325 ne
183 2271 205 2325 si
221 2271 368 2325 vindicaret
379 2271 412 2325 ad
426 2284 556 2340 praesens,
568 2270 723 2325 crederetur
734 2274 930 2322 murmurantes
982 2271 1030 2326 seit
1051 2271 1076 2325 in
1092 2270 1170 2326 terris
1186 2288 1193 2324 ι
1209 2270 1269 2326 illos
1290 2268 1515 2340 otratemplatione
1538 2268 1694 2333 delectans,
1723 2280 1770 2321 tros

136 2363 250 2417 trriaime
267 2363 365 2417 satiare
384 2363 512 2432 potuisse.
534 2361 586 2416 Sed
608 2361 707 2414 distulit
727 2359 887 2423 vindictam,
903 2366 933 2414 ut
982 2371 1073 2418 saneta
1085 2362 1237 2416 uisitatione
1251 2361 1383 2418 relieiens.
1396 2359 1523 2416 Addidit:
1535 2356 1771 2414 l‘rrtmerrtott'ouettt

136 2452 294 2509 ostender-t
309 2453 462 2522 patientiam
480 2470 487 2506 ι
503 2438 664 2524 superposuit
678 2460 765 2505 autem
782 2464 888 2517 moras,
904 2456 932 2503 ut
983 2455 1052 2507 misit
1062 2455 1098 2508 eia
1111 2454 1136 2507 iu
1151 2453 1316 2507 obseruantia.
1332 2452 1426 2507 Adbuc
1443 2455 1468 2506 in
1484 2450 1664 2521 superioribus
1677 2462 1769 2520 perte·

137 2545 323 2599 nranilestmet
341 2546 502 2614 potentiam;
529 2553 555 2598 et
580 2553 642 2598 tune
660 2550 844 2612 competenter
863 2540 932 2595 ultus
983 2555 1067 2611 serat,
1084 2562 1178 2598 urorum
1193 2544 1257 2598 illud
1273 2544 1497 2614 frumentationem
1521 2543 1629 2608 disens,
1642 2555 1695 2596 non
1712 2538 1769 2599 [tu-

137 2647 179 2692 est
194 2637 297 2706 culpas,
311 2635 417 2706 quando
430 2634 581 2689 incredulas
593 2642 695 2688 urentes
709 2646 797 2686 rernm
814 2632 931 2700 ipsurarn
983 2647 1117 2700 muraenam
1134 2646 1160 2690 ut
1173 2637 1244 2691 illum
1264 2636 1368 2704 copiam
1387 2636 1568 2702 exprimeret,
1583 2648 1642 2704 quae
1661 2630 1772 2686 avidita-

138 2727 306 2799 prrleetiune
329 2726 453 2780 eonrieit.
472 2725 616 2793 Sequitur,
632 2735 654 2776 et
670 2723 735 2793 ipsit
755 2736 874 2776 accersens
896 2728 932 2774 est
984 2736 1036 2783 tem
1053 2728 1142 2798 populi
1155 2728 1294 2796 praevaluit
1306 2741 1444 2797 superare.
1462 2725 1580 2795 lienique
1591 2724 1629 2779 sie
1641 2721 1771 2793 sequitur,

139 2822 168 2874 in
186 2818 280 2874 iacob,
299 2816 380 2871 Jacob
407 2815 572 2885 significatur
593 2813 787 2883 supplantator,
809 2811 853 2881 qttl
877 2811 931 2864 lte·
983 2817 1195 2883 moderationum·
1212 2816 1275 2871 illud
1290 2817 1362 2871 enittt
1381 2814 1513 2880 abundat,
1528 2812 1598 2885 quod
1618 2825 1671 2868 non
1684 2819 1774 2882 potest

139 2920 255 2980 queater
279 2925 293 2964 a
317 2916 392 2976 parte
408 2906 514 2976 ponitur
528 2905 661 2975 gentium,
676 2919 734 2974 qun
749 2903 886 2958 uenientes
899 2900 932 2956 ad
984 2909 1072 2979 aliqua
1085 2908 1210 2964 ariditate
1222 2908 1353 2962 consumi.

140 3002 298 3069 etatstara,
314 3001 487 3055 israeliticum
509 2998 634 3068 populum
656 2997 841 3066 supplantasse
857 3010 933 3048 turm
1021 3018 1097 3085 qm
1111 3017 1157 3072 qq
1174 3017 1314 3071 mmmm
1329 3016 1452 3071 ,mmm
1476 3016 1507 3070 p,
1526 3013 1604 3080 ωηο
1629 3023 1653 3070 05
1672 3012 1774 3069 5qu

140 3102 281 3161 strantur,
306 3091 413 3164 quaudo
433 3093 485 3148 illis
510 3089 724 3156 introeuntibus,
740 3089 806 3144 istos
827 3096 934 3144 constat
985 3113 1178 3167 ,nm-„mma
1193 3111 1326 3182 Affiwn,
1339 3109 1668 3182 ,pppufnmfmpcqp
1688 3107 1776 3177 putus.

140 3185 279 3255 0¹i¹¹¹³⁰⁵
298 3183 406 3255 [ΝΟΜ
434 3182 558 3254 8⁰¹¹¹¹¹¹¹¹⁸
583 3182 641 3236 ¹⁵⁰⁵
663 3196 729 3252 ΨΜ
750 3179 866 3236 d¹¹¹¹¹¹¹¹⁵
887 3178 933 3234 Μ·
987 3217 1153 3267 feruruntus,
1174 3210 1197 3256 et
1215 3200 1403 3256 secuturarum
1427 3202 1539 3254 moris
1526 3198 1775 3270 uolutiiiopemtuto.

140 3277 187 3331 (οῧ
202 3292 312 3332 numine
327 3276 487 3347 SlflfflfiC'Ml,
507 3293 572 3348 lqllld
593 3277 935 3339 CllahlallSOCCORSllssesslss
986 3291 1118 3360 Quantum
1133 3291 1321 3347 adhssnpiam
1335 3290 1463 3361 [pertinet
1481 3293 1529 3346 1105
1544 3301 1638 3347 venius
1651 3299 1776 3361 [anquam

141 3377 172 3424 et
191 3380 291 3438 quanto
312 3368 349 3423 illi
375 3370 589 3423 murmuratione
613 3367 744 3437 profanati
768 3376 846 3433 suat,
861 3372 935 3422 tauto
986 3382 1110 3439 verucula
1124 3383 1261 3438 ulmuesse
1274 3392 1439 3452 procuratos
1456 3398 1500 3453 qur
1510 3397 1613 3453 prusam
1625 3397 1729 3454 coptam
1743 3381 1777 3437 sd

143 3462 188 3516 iii
209 3461 387 3517 dottlesslonls
410 3462 506 3516 ardore
527 3460 709 3529 proiecerunt
725 3459 844 3530 Addidit,
861 3461 937 3515 ett'rtr
987 3474 1119 3529 destinata
1135 3468 1224 3529 castra
1239 3473 1426 3541 perducerent
1442 3472 1495 3530 Sed
1514 3472 1575 3544 quia
1597 3481 1702 3529 suntet
1723 3458 1779 3542 opt}

142 3555 280 3609 ostendit
271 3571 297 3608 us
309 3553 402 3609 lsrael
417 3555 512 3611 Sicut
504 3572 529 3608 m
541 3553 621 3608 iacob
635 3553 790 3608 eitaritatem
805 3569 879 3607 ocrea
882 3569 937 3608 som
988 3567 1120 3621 penaliter
1132 3567 1296 3636 exponendi
1308 3582 1377 3622 nunc
1391 3580 1437 3621 eus
1449 3565 1549 3635 positos
1560 3566 1611 3623 sub
1621 3565 1778 3637 quibuisdam

142 3645 229 3710 dieti,
254 3645 291 3700 llil
307 3646 332 3700 iu
360 3643 475 3700 little!
466 3661 530 3698 trum
553 3645 696 3699 oscendtste
715 3645 884 3715 pronuntiati,
910 3651 939 3698 ut
989 3655 1381 3729 figurationibusinquiramus,
1392 3659 1675 3728 AqqlrumetAsn'cum
1685 3666 1780 3715 ventos

145 3735 183 3793 fill
198 3736 411 3800 accenderenlili
428 3738 459 3790 ad
474 3737 604 3806 ssmllam,
621 3739 663 3791 isli
680 3737 937 3807 perduceleiiltil'iitl
990 3749 1089 3803 scimus
1115 3764 1175 3805 esse
1195 3750 1373 3819 meridiam,
1399 3753 1442 3820 qni
1469 3759 1578 3819 upa-te
1599 3750 1730 3808 lucidiore
1753 3759 1781 3809 et

145 3829 265 3899 eulpam.
990 3839 1152 3896 ferventiore
1164 3841 1341 3911 proveniunt,
1356 3841 1454 3912 quibus
1468 3841 1597 3899 dantibus
1612 3843 1715 3914 pigrum
1734 3843 1782 3899 iri·

184 3918 261 3976 ¹⁰¹⁵·
276 3919 322 3976 95·
339 3919 407 3988 0¹¹¹ss
420 3935 469 3974 ’¹⁰¹¹
490 3920 651 3974 ‘remitti
674 3919 701 3973 ¹¹⁸
729 3919 783 3974 ⁰0⁰
806 3933 869 3987 ⁸¹¹⁰,
894 3936 939 3975 ¹¹⁶⁶
990 3947 1038 4002 gns
1059 3932 1211 4002 expellitur,
1230 3941 1258 3988 et
1279 3934 1349 3988 aeris
1372 3942 1583 4003 temperamenta
1608 3941 1781 4003 pressantur.

145 4022 311 4083 speraverunt
326 4013 353 4067 t'u
366 4013 476 4067 solutori
489 4016 553 4086 ejur-
571 4012 633 4068 lde0
651 4013 774 4082 subtriti
789 4011 878 4066 ¹¹¹¹·
894 4009 941 4066 lro
991 4024 1037 4079 Sie
1047 4038 1110 4093 erpo
1122 4031 1149 4080 et
1159 4024 1240 4079 rerba
1253 4021 1356 4078 Domini
1371 4023 1528 4079 eharitatis
1522 4039 1582 4094 tgna
1595 4023 1746 4095 llsqrautia,
1756 4025 1782 4080 in

146 4103 284 4157 orando
275 4119 300 4157 m
315 4103 408 4168 lsrael
422 4110 450 4155 ut
464 4103 617 4159 ostenderet
629 4104 792 4174 periturum
808 4119 879 4158 nune
894 4119 941 4159 tu
991 4113 1080 4170 Αιιιιιι
1095 4113 1270 4169 stunbtudme
1290 4123 1371 4184 atque
1395 4114 1495 4184 Africi,
1511 4115 1611 4170 mundo
1635 4115 1783 4173 salutarem

147 4204 202 4250 tem
216 4210 298 4251 eausa
313 4193 754 4266 ipsiusobstinatiaatsexponitur.
769 4197 938 4254 bieirenim.
992 4203 1196 4276 temperantiam
1209 4206 1403 4274 prestiterunt,
1419 4204 1595 4276 plueruntque
1607 4219 1689 4275 super
1700 4220 1785 4276 popu·

149 4287 210 4341 lion
224 4303 266 4341 eos
279 4289 440 4342 credidisse'
430 4304 457 4342 nr
473 4287 528 4344 lieo
541 4305 596 4344 suo.
615 4288 645 4344 Et
662 4304 696 4344 ne
707 4290 819 4344 alterum
833 4300 941 4358 putares
993 4294 1034 4351 lus
1051 4295 1161 4364 pabala,
1176 4295 1247 4351 uude
1261 4294 1377 4350 lidelium
1393 4296 1491 4351 anitnae
1504 4296 1667 4352 satiarentur
1681 4296 1785 4353 uberri-

148 4390 210 4433 ΕΜ
224 4376 319 4442 ΒΜ,
333 4378 464 4448 sequitur,
480 4396 525 4434 uec
540 4392 702 4449 spuuemuut
712 4381 738 4434 iu
754 4382 860 4435 rotmari
875 4384 939 4452 ejrrs,
993 4404 1046 4444 me.
1065 4388 1152 4442 Puluis
1164 4388 1234 4443 euim
1251 4388 1295 4443 bie
1308 4388 1441 4459 siguificat
1456 4389 1639 4458 intelligentie
1651 4388 1785 4445 subtilita-

149 4468 176 4523 id
190 4478 232 4525 est
246 4469 274 4523 iu
291 4469 403 4524 liomino
424 4471 579 4536 Salt·atore;
601 4483 631 4526 nt
655 4486 707 4526 noa
733 4472 819 4526 solum
843 4472 882 4525 eis
898 4470 941 4526 illa
956 4490 1047 4584 Dum
1058 4524 1063 4547 ‚
1076 4497 1135 4550 quae
1152 4482 1185 4536 ati
1201 4495 1333 4551 supernas
1346 4482 1523 4552 cogitationes
1535 4490 1668 4537 commota
1680 4496 1786 4549 semper

148 4562 328 4616 murmuratio
350 4562 478 4617 insidiam
492 4563 600 4624 iaceret,
616 4578 707 4616 rerum
721 4562 802 4616 etiarn
816 4561 940 4617 diuitism
993 4573 1128 4640 qsceqttiq
1144 4589 1221 4627 arma
1232 4589 1296 4629 vero
1311 4573 1530 4628 innrrmerabilem
1546 4574 1694 4643 prudentia
1705 4573 1784 4646 267

151 4656 250 4710 mentis
266 4661 326 4723 post
340 4662 458 4709 secutam
473 4654 622 4709 damnaret.
994 4665 1097 4735 copiam
1118 4665 1182 4720 salsi
1205 4666 1285 4718 ruatis
1299 4680 1397 4734 sapore
1410 4665 1546 4718 eorrditam
1562 4679 1570 4718 ι
1590 4664 1706 4718 solstitio
1718 4679 1782 4732 port·

188 4744 265 4800 Vers-
282 4744 329 4800 26.
345 4742 379 4799 lt't
394 4745 523 4798 mantuan
545 4744 652 4799 naritus
669 4746 794 4814 desuper,
814 4747 944 4816 sejanum
994 4764 1073 4816 nuta.
1088 4753 1209 4809 eoetestia
1221 4753 1375 4823 desideria,
1391 4753 1487 4821 quibas
1501 4753 1588 4807 aalma
1602 4752 1699 4810 devota
1716 4753 1787 4809 retu

150 4839 207 4894 eseli
225 4840 336 4908 operuit.
361 4841 422 4894 line
442 4840 491 4893 sub
515 4841 648 4908 parabulis
668 4849 694 4895 et
717 4841 943 4910 propositionibus
994 4846 1119 4902 carnibus
1141 4844 1241 4900 referta
1263 4844 1428 4915 pinguescat.
1451 4845 1536 4900 Areua
1550 4859 1614 4900 vero
1628 4843 1716 4909 amris,
1730 4846 1788 4914 opi-

151 4934 215 5001 diei,
230 4933 346 4988 intuitio
360 4933 418 5003 ipse
434 4942 543 4987 testatus
556 4942 606 4988 est.
624 4933 738 5004 luteaque
758 4935 882 5003 quamuis
898 4949 944 5002 per
996 4938 1088 4991 streton
1097 4943 1140 4991 est
1150 4937 1277 4991 docenter
1288 4933 1439 5005 appositum
1450 4977 1457 5002 ,
1468 4934 1593 5005 quoniam
1605 4942 1632 4989 et
1647 4931 1786 4989 llariorum

153 5024 293 5080 historiam
318 5023 386 5078 laeta
407 5024 559 5088 rideantur,
574 5034 677 5093 opturet
695 5035 781 5078 tamen
797 5023 890 5078 reterri
911 5022 944 5076 ad
998 5040 1060 5081 esse
1071 5032 1169 5093 protest,
1184 5039 1243 5094 quae
1257 5038 1310 5081 non
1324 5022 1404 5079 babet
1418 5022 1635 5094 bunosaporem.

155 5116 296 5170 liomitrum
312 5116 489 5183 salvatorem,
502 5126 530 5171 ut
541 5116 617 5170 subu
630 5125 736 5170 constet
746 5115 871 5186 praedicta
883 5131 945 5170 seu·
1034 5117 1110 5171 llers.
1121 5115 1166 5172 ab.
1180 5115 1214 5169 Et
1228 5115 1370 5171 reciderunt
1383 5116 1411 5170 in
1426 5114 1510 5169 medio
1520 5122 1663 5168 rostrorum
1676 5125 1780 5167 eorum:

154 5207 248 5261 tentia:
265 5205 418 5261 Martanum
429 5218 467 5261 ert
480 5207 550 5263 euim
567 5207 683 5274 trabibus,
698 5208 776 5263 idest
790 5193 946 5274 prudieato·
999 5207 1067 5260 eirea
1082 5206 1247 5262 tabernaculo
1259 5221 1357 5260 eoram.
1371 5204 1407 5262 Ut
1418 5203 1502 5273 ipsam
1519 5216 1626 5273 quoque
1644 5198 1783 5257 dillieuita·

155 5295 241 5360 ribus,
265 5305 294 5350 ut
317 5301 471 5367 perjurum
494 5298 568 5362 coeii,
589 5296 639 5352 boe
664 5307 704 5352 est
725 5312 772 5368 per
794 5298 945 5366 Scripturas
999 5307 1053 5355 tem
1075 5299 1196 5368 capiendi
1218 5298 1271 5354 eibi
1295 5298 1525 5353 murmurantibus
1552 5294 1711 5365 abrogaret,
1735 5308 1789 5351 tortu

156 5397 264 5444 attactas
283 5388 437 5458 praedicatio
450 5389 565 5459 gloriosa
582 5390 723 5445 adrentum
742 5384 944 5464 satutaris'led,
1000 5391 1086 5446 solum
1108 5390 1176 5444 circo
1200 5387 1372 5454 toimrroeuio,
1390 5387 1577 5444 verumetiam
1592 5386 1618 5440 in
1639 5384 1731 5439 mediis
1744 5401 1790 5439 ea·

157 5472 312 5547 Salvatorisl
321 5475 424 5532 Domini
435 5480 579 5545 nuntiaret,
589 5480 632 5549 qui
645 5494 811 5536 reremanna
822 5483 947 5550 sumitur,
1000 5482 1059 5537 stris
1073 5497 1164 5535 eorum
1178 5478 1244 5534 dIcit
1257 5477 1375 5533 cecidisse
1388 5477 1459 5548 quod
1473 5491 1570 5548 magno
1589 5473 1726 5532 desiderio
1748 5490 1791 5530 re·

158 5569 265 5638 quando
276 5569 406 5624 suarabiti
420 5574 662 5629 communicatione
675 5583 805 5646 gratatur.
1002 5572 1154 5643 quirebant.
1170 5570 1260 5625 Castro
1279 5567 1350 5625 euim
1366 5584 1381 5624 a
1405 5570 1529 5625 castitate
1543 5567 1614 5624 dieta
1627 5578 1704 5635 suut,
1720 5564 1791 5639 quad

194 5657 271 5715 iore.
284 5659 328 5715 at.
348 5659 382 5714 tu
399 5662 463 5730 pirrit
486 5662 538 5717 iliis
554 5680 648 5718 trenno
662 5668 816 5720 munducare
832 5681 842 5720 .·
857 5670 947 5737 pertrui
1003 5664 1079 5720 bellis
1095 5663 1227 5718 exereitus
1248 5669 1395 5731 occupatus
1413 5660 1489 5717 tutto
1508 5660 1590 5717 lauit
1611 5668 1818 5716 uuuuaesxexs

160 5749 297 5807 satidedit
309 5752 357 5809 eir.
1005 5755 1088 5817 Nubis
1103 5765 1195 5814 autem
1223 5755 1415 5830 siqttilieatur,
1426 5753 1505 5829 quob
1518 5755 1601 5810 iutra
1624 5763 1709 5821 sequa
1730 5751 1847 5800 saum
