3794 6128
135 230 204 291 ιῆιι
746 229 782 285 ιι.
801 227 940 285 audebit
958 224 1159 282 Gtssiutlttttt
1689 224 1755 283 lm

136 345 276 401 doctorum
290 343 427 401 bominum
442 342 572 401 sententia
592 356 625 399 au
638 343 774 405 voluntas,
794 350 824 395 ut
844 356 917 410 nuse-
929 344 957 402 A
969 338 1305 409 plrmseulcgisspcrscqm
1328 350 1382 390 nnn
1405 342 1502 390 vacat:
1522 334 1654 393 adserbia
1671 352 1756 405 prun·

136 415 196 468 dnm
211 414 362 481 scriptionis
374 427 483 484 ponera,
498 428 514 467 a
527 412 625 482 quibus
636 427 688 467 ms.
702 412 769 466 liber
780 426 916 479 nunquam
971 409 1097 477 ptissinse,
1114 407 1237 479 leubus,
1251 410 1349 470 detrote,
1364 409 1399 460 ita
1413 405 1439 459 in
1454 405 1506 461 lanc
1518 407 1653 476 opusculo
1673 420 1755 463 mrca-

136 484 262 547 rtedectit,
277 485 374 538 intacta
388 482 586 551 relinquerem3
602 497 662 550 qum
677 483 704 537 in
718 481 778 535 aliis
791 478 917 535 editioni·
969 478 1029 533 tiari
1043 478 1151 532 solent:
1167 478 1330 545 prontissima
1347 485 1441 540 mente,
1461 476 1572 547 iamenu
1594 490 1691 543 merare,
1712 478 1756 533 ds·

136 552 185 607 bus
201 552 265 607 nibil
280 551 430 622 prohibebit
438 552 583 623 corripere,
597 562 624 606 et
635 550 670 606 sd
686 551 822 606 meliorem
839 564 917 605 usum
967 557 1026 602 notu
1038 555 1130 602 mente.
1140 547 1319 616 lledarpuerat
1331 558 1423 600 auctor
1437 555 1537 611 noster,
1548 547 1608 601 liis.
1618 544 1686 601 bist.
1697 562 1754 618 cap.

138 622 283 676 nndnccre.
312 618 380 677 Sunt
393 636 426 677 ex
453 621 505 685 bis,
528 620 649 702 epistula,
667 628 805 690 temptare,
830 619 917 689 [unm-
969 617 1014 682 ts,
1028 616 1328 697 librariospruunnuticoe
1339 616 1402 669 ursis
1415 616 1574 685 expertssob
1587 634 1614 669 ss
1628 617 1754 699 litteram,

137 690 209 753 stiru,
225 690 337 760 profeta,
350 691 428 755 dicio,
443 691 569 758 condicto,
584 691 734 753 unteuiruns,
748 698 828 758 atque
839 689 892 743 alia
908 705 916 741 ι
968 700 1048 755 quam
1061 688 1085 739 si
1098 687 1301 740 snconrunicnter
1322 684 1405 739 oddus
1424 692 1470 739 ust
1492 685 1592 752 ιιιιιιιι,
1610 686 1692 740 metas
1704 697 1754 741 to‘s

136 760 280 843 intellepere
292 770 419 829 perpetuo
434 759 568 826 scribitur,
592 762 659 815 utin
676 758 879 829 quamplurimis
892 767 920 813 et
969 755 1079 825 conlusu
1090 764 1137 810 est.
1152 759 1187 809 dt
1201 764 1260 810 erat
1274 758 1300 809 in
1316 768 1367 809 ms.
1378 768 1435 835 pru
1447 753 1603 834 passionem,
1625 756 1659 810 de
1675 755 1754 811 llere·

138 831 326 884 uetustissimis
339 831 399 885 aliis
418 830 555 886 codicibus
567 847 574 883 z
596 830 760 899 plebeiorum
783 828 918 898 precipue
969 826 1093 895 rolpotoni
1107 839 1116 878 .·
1132 824 1250 880 linebant
1260 825 1318 880 baro
1328 824 1363 879 ab
1377 834 1506 905 rmpcrrtsr
1518 823 1608 894 plebis
1618 838 1755 905 sermore,

136 910 161 954 et
175 900 332 953 rusticorum
358 901 494 954 bominum
518 900 541 954 is
561 909 621 954 erat
640 913 734 965 sonus,
759 908 789 953 ut
806 910 919 968 arguoe
989 910 1049 949 nem
1074 894 1167 949 iisdem
1190 895 1349 951 suloeeismis
1366 909 1397 949 su
1433 908 1496 948 rrorr
1511 895 1593 949 etism
1615 905 1697 949 atate
1713 911 1753 947 ur·

137 967 274 1025 Ciceronis
288 969 357 1035 loco,
372 969 407 1024 de
419 968 494 1025 0rat.
510 969 556 1024 lib.
571 984 591 1033 ι,
610 982 688 1039 quern
704 969 738 1021 de
753 968 795 1022 bis
808 967 920 1022 vocibus
980 974 1069 1019 ectum
1083 962 1164 1019 luisse
1177 974 1292 1018 constat.
1307 963 1398 1018 ‘l'rima
1410 963 1533 1018 ultionem
1553 972 1581 1017 et
1594 964 1687 1018 meins
1707 978 1751 1018 en·

138 1037 241 1107 accipio
253 1054 260 1092 :
271 1038 373 1094 ridetur
384 1038 461 1094 Cotta
474 1039 552 1093 intere
565 1039 665 1094 literam
679 1036 780 1099 tollens.
794 1044 818 1091 et
833 1051 848 1090 e
865 1036 920 1107 ple·
969 1032 1032 1089 dem
1049 1034 1128 1088 modo
1143 1033 1170 1088 iu
1184 1035 1308 1088 concisio
1320 1033 1461 1102 loquentes
1475 1032 1579 1087 inducit
1601 1032 1751 1099 Petmnluc,

138 1108 269 1161 nissimum
283 1109 379 1174 dicens,
392 1123 443 1177 qnia
458 1108 673 1176 pronuntiatione
686 1122 738 1161 non
750 1116 862 1161 ormorss
872 1121 920 1161 ss·
970 1112 1000 1157 ut
1012 1104 1093 1158 etiam
1107 1118 1122 1156 ι
1136 1102 1240 1170 plebeia
1262 1104 1396 1158 locutione
1418 1102 1561 1158 ridiculum
1583 1098 1747 1173 summu:

137 1178 231 1243 tineos,
243 1180 288 1233 sed
302 1193 424 1232 memores
438 1178 545 1243 inituri,
561 1177 658 1232 (lrasso
671 1176 820 1231 sitiebatur.
847 1175 921 1232 Scri·
969 1173 1062 1227 sdmss
1077 1181 1101 1226 te
1111 1189 1165 1243 pen
1175 1174 1271 1227 litteras
1286 1173 1386 1243 fulsere
1399 1188 1464 1226 esse.

138 1246 208 1300 bitur
229 1247 255 1301 ln
281 1250 331 1302 troo
355 1247 513 1315 exemplari,
538 1247 647 1310 cedrus,
670 1244 771 1310 culum,
791 1244 920 1310 culestis3
1007 1243 1201 1297 Adnotationes
1225 1243 1313 1297 addidi
1330 1240 1517 1297 breviusculas
1533 1258 1541 1296 ι
1557 1242 1750 1299 dissertationi·

138 1315 203 1370 irem
218 1317 328 1381 edicere,
342 1317 464 1381 subicere,
480 1317 585 1371 reicere.
600 1316 784 1369 inconstanter
799 1315 826 1368 in
840 1315 918 1369 aliis:
970 1310 1021 1366 bus
1038 1312 1112 1366 locus
1124 1312 1230 1379 putebat
1251 1312 1407 1381 multiplet;
1431 1323 1619 1368 verumtamen
1634 1323 1750 1369 nontam

139 1384 920 1450 itaquernodcseculum,mnrlnsuculum;cenuetouenu,ut
969 1378 1130 1436 Cassiorlnrii
1151 1391 1215 1436 tuuc
1236 1395 1304 1449 opus
1327 1382 1520 1449 exhibuissem,
1548 1397 1632 1452 quana
1656 1399 1750 1439 meatu.

139 1457 404 1523 spudreteresscenu
415 1464 442 1508 et
452 1471 545 1509 screno.
559 1454 664 1507 Oboedio
676 1455 719 1508 bic
730 1454 785 1510 lere
800 1469 918 1521 semper,
971 1453 1096 1506 dareturis
1111 1452 1191 1505 vitam
1206 1450 1271 1505 nibil
1291 1452 1422 1506 attinebat
1440 1462 1591 1508 retractare
1615 1464 1676 1523 post
1695 1468 1750 1509 am·

139 1540 253 1579 necnon
266 1523 372 1578 rettulit.
384 1524 522 1579 listlestnrn
533 1535 589 1579 erat
598 1525 723 1578 lectorem
733 1523 844 1589 nrorari,
855 1538 922 1591 quo·
972 1520 1120 1589 piissimam
1136 1535 1215 1590 quum
1230 1523 1338 1590 optimae
1349 1522 1470 1589 ejusdem
1482 1521 1599 1577 editioni
1624 1523 1655 1578 P.
1674 1522 1752 1579 Gare-

137 1596 294 1663 tieseuuque
308 1595 443 1662 particulae
458 1609 519 1659 nors,
535 1602 574 1655 ct,
589 1594 667 1661 qaod,
682 1606 747 1658 etc„
762 1602 807 1647 aut
820 1592 921 1665 redup-
972 1589 1026 1644 tius
1040 1591 1179 1659 premisit.
1193 1588 1259 1647 Cum
1272 1603 1300 1646 et
1313 1592 1393 1647 alium
1404 1590 1506 1647 laudari
1516 1594 1751 1659 deprehendissem

140 1664 216 1729 dunt,
229 1672 275 1719 aut
289 1663 481 1719 desiderantur.
503 1663 576 1717 Libri
590 1672 678 1717 autem
694 1663 810 1718 indolem
823 1678 855 1718 ac
864 1676 921 1719 mn·
937 1660 1070 1763 nocard.
1083 1661 1187 1723 Norisio
1198 1673 1289 1717 nostro
1304 1661 1330 1716 iu
1344 1662 1472 1733 Apologia
1485 1662 1682 1718 monacborum
1693 1664 1752 1733 Scy·

141 1748 210 1800 scm,
223 1736 389 1804 minutasque
403 1734 494 1787 itidem
508 1734 710 1789 emendationes
723 1734 805 1789 semul
821 1732 864 1788 bic
881 1734 923 1787 in-
975 1729 1047 1795 titire,
1063 1745 1158 1800 nempe
1173 1745 1252 1801 quam
1268 1732 1297 1786 P.
1312 1732 1455 1801 Dionysius
1466 1746 1481 1785 a
1493 1732 1525 1789 S.
1540 1733 1645 1787 llartlaa
1658 1730 1754 1789 Gallice

141 1817 273 1857 nuarnus:
296 1803 352 1857 lurco
369 1801 432 1873 quid
455 1802 559 1858 intersit
580 1803 661 1866 scire,
683 1818 735 1858 non
755 1803 804 1857 nisi
823 1804 923 1859 criticis
974 1798 1111 1866 edidisset,
1129 1809 1188 1867 post
1200 1800 1305 1872 longam
1327 1801 1475 1873 indaginem
1490 1802 1582 1875 reperi
1598 1803 1715 1869 tandem,
1728 1814 1753 1859 et

141 1874 227 1927 sacris
241 1873 335 1927 initiati
351 1872 512 1940 intelligunt.
526 1872 644 1926 Primum
657 1876 792 1929 consuetis
815 1872 923 1941 pedrnu·
974 1870 1105 1939 percurri.
1118 1870 1199 1925 Libro
1211 1886 1237 1925 ιι
1247 1873 1282 1926 de
1295 1871 1402 1941 seriptis
1420 1873 1529 1927 amissis
1545 1874 1630 1929 rerba
1649 1874 1754 1935 iaciens.

141 1942 285 1997 tntinnibus
298 1953 470 2011 copnnnrrum
486 1942 636 1997 litterarum
648 1942 749 1998 laborat
764 1943 850 1997 liber:
866 1958 924 2009 pee-
974 1938 1097 1993 d'utenum
1122 1948 1262 2006 memorat,
1282 1956 1329 1997 seu
1352 1943 1571 1997 Commentariun
1593 1958 1628 1996 ss
1647 1946 1755 2011 pluribus

139 2009 263 2081 caninius,
282 2026 328 2077 pro
347 2012 519 2082 procubimns;
537 2027 615 2076 super
627 2013 693 2064 ciunt
712 2012 762 2078 bis,
784 2012 924 2069 intervallo
975 2010 1142 2079 scriptoribus
1165 2011 1312 2081 decerptum
1329 2011 1355 2065 iu
1371 2011 1503 2082 Epistulas
1522 2013 1718 2082 apostolorum.
1730 2025 1756 2068 οἱ

142 2091 239 2150 pruter
252 2096 353 2136 rnorem
368 2084 472 2144 relicto,
486 2097 534 2149 pro
543 2082 703 2152 superbiarum
720 2083 781 2137 itum
792 2080 922 2149 accedere,
974 2079 1053 2142 Aeta,
1073 2089 1101 2135 et
1124 2081 1314 2152 Apocalypsin.
1338 2080 1542 2150 Compleaiones
1567 2094 1669 2139 nostru.
1687 2083 1755 2139 desi·

142 2152 225 2217 cedet,
240 2162 346 2219 montes,
363 2165 411 2221 pro
423 2150 545 2217 occidere,
560 2152 638 2213 rudit,
651 2153 765 2214 orontis,-
781 2166 874 2206 conzrn
889 2153 923 2218 si,
975 2160 1110 2219 guantur,
1131 2154 1179 2205 sed
1198 2166 1258 2220 que
1279 2152 1313 2206 ad
1334 2153 1442 2206 modurn
1465 2152 1576 2208 Catenae
1597 2152 1755 2209 eluculrrsts

143 2230 170 2274 et
183 2220 283 2285 undiut,
296 2236 344 2290 pro
365 2236 401 2288 rc,
425 2230 452 2275 et
474 2222 582 2285 nudent,
608 2221 670 2276 itern
690 2222 783 2289 adque,
806 2222 922 2291 aliquod,
974 2219 1084 2274 minime
1098 2219 1171 2275 credi
1187 2231 1318 2289 poteraut,
1333 2235 1394 2275 cum
1413 2221 1576 2278 Celenarum
1597 2239 1662 2279 usus
1680 2224 1755 2295 longa

163 2306 205 2344 naa
227 2298 370 2344 occrrrrunt
393 2299 421 2344 ut
445 2291 600 2360 plurimum,
627 2305 674 2354 pro
697 2303 782 2361 utque,
815 2293 924 2360 aliquot.
976 2297 1035 2356 post
1050 2286 1248 2345 Cassiodorium
1272 2291 1413 2347 iruerralto
1430 2294 1596 2359 emerserit;
1621 2309 1706 2360 necue
1725 2311 1755 2348 es

182 2360 278 2414 ribitur
301 2359 330 2413 in
351 2373 402 2413 ms.
423 2361 539 2428 inprobo,
555 2357 724 2427 corrplertens,
743 2374 924 2431 conponeret:
975 2357 1058 2414 sariia
1080 2360 1255 2430 scriptoribus
1278 2362 1325 2418 illo
1346 2375 1405 2417 sero
1423 2364 1635 2418 commentarius
1653 2365 1753 2433 decerpi

144 2440 274 2496 prestares
288 2438 447 2500 opportam,
466 2432 579 2497 ponitur,
593 2443 736 2492 conuersos,
759 2444 809 2498 pro
830 2446 925 2501 oppor-
993 2429 1106 2483 otuisset
1119 2430 1145 2484 iu
1157 2431 1339 2500 apostolorum
1356 2432 1514 2501 (catholicas
1525 2434 1640 2502 saltem)
1659 2434 1755 2501 Episto-

143 2508 215 2561 tune,
229 2499 344 2567 punitur,
355 2513 488 2551 conuersus
501 2512 510 2550 :
524 2496 684 2553 cassiodorii
695 2509 773 2554 atate
786 2499 923 2557 lumiliaria
986 2513 1026 2564 as,
1041 2512 1107 2567 quas
1122 2502 1275 2568 paucissimi
1287 2501 1375 2557 adbuc
1389 2503 1550 2575 interpretes
1565 2506 1755 2576 stupuerunt

144 2568 240 2622 menda
252 2584 261 2621 s
272 2568 295 2621 is
310 2566 441 2635 siquidem
454 2567 532 2621 tlrtb.
547 2581 606 2635 cap.
624 2567 668 2634 ts,
677 2567 697 2623 t
708 2585 755 2637 pro
768 2585 793 2633 n,
808 2585 823 2622 o
836 2585 885 2639 pro
896 2570 923 2639 ι,
976 2567 1004 2621 in
1019 2569 1236 2626 adnotationibus
1249 2585 1403 2642 persequar.

145 2651 222 2704 opru
235 2652 292 2704 c,n
312 2652 360 2705 pro
377 2652 412 2699 nt,
435 2644 524 2690 contro
543 2638 729 2707 ortdopruplrirs
747 2640 925 2709 preceptori·

146 2706 209 2760 tiore
230 2707 324 2773 positus
347 2722 397 2759 non
424 2706 561 2787 relinques.
588 2706 685 2762 llidens
707 2722 779 2777 supe
803 2708 924 2781 populus,
1010 2710 1076 2766 Cum
1089 2726 1137 2781 per
1148 2712 1276 2784 epistolas
1287 2714 1389 2771 amicos
1402 2714 1660 2786 emditusdebujus
1674 2717 1755 2786 operis

145 2775 336 2837 mundissimas,
355 2776 508 2854 irueoudsu:
527 2790 606 2845 quum
631 2778 665 2832 ab
687 2780 796 2849 antiquo
816 2794 879 2836 acce
899 2791 925 2837 ta
976 2780 1095 2838 editione
1109 2796 1257 2850 merneram,
1274 2785 1419 2853 Apostolus
1431 2783 1533 2853 lenus,
1548 2787 1716 2843 invictissimi
1732 2794 1757 2841 ct

146 2845 351 2909 connsuetudine,
367 2853 513 2900 vetustiora
526 2854 695 2902 mouumenti
718 2856 858 2904 testantur.
913 2881 926 2895 -
976 2850 1085 2907 litterati
1101 2869 1123 2907 aa
1142 2869 1177 2909 ue
1188 2867 1220 2908 ac
1233 2854 1409 2911 litteratorum
1423 2856 1562 2912 bominum
1572 2860 1754 2919 amantissimi,

145 2916 217 2996 gitur
229 2918 309 2969 etiam
329 2917 355 2968 in
369 2916 483 2993 codice,¹
506 2916 605 2983 piceos.
627 2918 728 2999 mutio,
747 2934 805 3001 are:
829 2921 926 2979 exinde
976 2921 1065 3003 Caroli
1079 2920 1112 2977 tt
1125 2871 1239 2979 ducaris
1252 2924 1362 3049 Αιιὶιιιιι
1378 2924 1533 2993 historicus,
1544 2935 1573 2981 et
1586 2939 1677 2996 poeta,
1693 2930 1756 2983 inter

145 2982 288 3066 manticato
309 2998 410 3066 errore,
431 2992 555 3052 patretur,
570 2985 694 3053 fidelium,
716 2986 800 3055 rrobrs,
816 3005 863 3060 pro
877 3008 926 3059 po·
976 2992 1028 3046 aba
1042 3006 1102 3061 oue
1115 2995 1157 3049 bis
1171 2994 1239 3059 ipsis
1254 2994 1298 3050 die
1318 3008 1348 3050 us
1363 2995 1439 3051 docte
1452 2996 1590 3059 rescribit,
1605 3012 1685 3065 quarn
1702 3010 1755 3051 rara

145 3062 234 3119 tutor,
246 3054 337 3121 fidum,
352 3053 440 3119 boum
459 3069 563 3121 rursus,
583 3055 629 3111 llei
649 3072 715 3126 quse,
738 3058 789 3126 bis,
813 3075 923 3129 neeesse,
937 3067 962 3132 (ζ
977 3062 1065 3117 medio
1078 3063 1158 3118 etiam
1178 3079 1236 3118 aero
1256 3065 1351 3121 irarum
1373 3064 1588 3135 Complosiorrues
1602 3068 1755 3136 exemplaria

145 3124 282 3247 minz?
288 3124 356 3247 'ducem
361 3123 923 3252 3:¹1?sssrorffffff'essffsner‘giff’n‘tir‘rffm'
976 3130 1283 3257 luerint,tanimadrertit
1294 3149 1379 3219 :Onam
1391 3134 1511 3235 dietkero
1526 3135 1652 3220 Balbulo,
1671 3136 1754 3193 ιιιιιιι

145 3232 405 3345 semiambustum
416 3209 480 3345 αιιι,
500 3235 583 3347 narrt}
596 3213 730 3332 annuis...
746 3237 793 3336 iro
807 3216 893 3326 unffi?
894 3217 925 3326 '13
974 3214 1756 3348 {ciffi}n⁰f1¹riafflr'iffnswssesffi'r'r'psn'ssffffnp‘fe'sssffi,

147 3334 238 3414 luisse,
253 3341 304 3386 nrtu
318 3340 341 3387 et
357 3348 405 3402 pru
415 3344 493 3416 narret,
508 3335 638 3416 subripere
651 3350 700 3405 pro
712 3341 856 3409 subrepere,
867 3356 925 3409 pre·
975 3341 1047 3409 otrod
1068 3343 1096 3397 in
1120 3341 1245 3398 Tdesorrri
1258 3346 1386 3401 nouissimi
1416 3344 1613 3401 Arrecdutorsrus
1634 3347 1680 3419 lad
1700 3362 1756 3402 cras

144 3402 283 3456 eutromius
295 3417 344 3471 pro
358 3405 589 3472 precautionibus,
607 3408 750 3474 impedisset
765 3423 813 3476 pro
826 3410 925 3481 inipso·
973 3423 1079 3467 nostras
1094 3414 1211 3468 nondum
1227 3416 1384 3486 transuecti)
1401 3423 1475 3470 mmo
1490 3418 1582 3485 primo
1600 3417 1629 3471 P.
1646 3418 1755 3473 bernar·

145 3471 236 3528 disset.
252 3471 347 3554 llimm
360 3482 403 3527 est
416 3471 558 3554 interdum,
573 3482 602 3528 ut
626 3474 652 3529 in
664 3479 825 3556 corrtmrium
840 3479 924 3535 abdu-
972 3478 1024 3536 dus
1037 3481 1101 3550 l’ea,
1116 3482 1277 3540 lleliieeusis
1302 3485 1331 3541 iu
1354 3486 1462 3541 dustria
1487 3486 1657 3556 usnnaclaus,
1678 3501 1756 3559 ucpe

144 3549 219 3595 canu
233 3550 364 3596 sentcntra
379 3556 394 3595 a
410 3541 526 3597 litterula
545 3558 609 3606 unu,
623 3555 705 3613 utque
716 3545 807 3601 addus
821 3561 864 3614 ea,
881 3549 925 3605 nel
972 3552 1016 3605 nul
1035 3554 1100 3607 avit.

143 3608 260 3678 dempta,
286 3611 410 3680 periodus
423 3613 526 3681 integra
538 3613 703 3668 restituatur.
727 3616 922 3685 Animadverti,
1048 3620 1135 3679 lerune
1150 3622 1215 3680 mibi
1230 3632 1359 3695 perpetuo
1373 3622 1432 3692 luit,
1446 3633 1478 3681 ut
1488 3624 1634 3682 doctnmm
1645 3625 1754 3682 rirorsra

143 3680 413 3762 eademconronanto
426 3692 610 3763 consumente,
625 3684 766 3740 scilicetin
780 3688 924 3743 llnennins
969 3688 1070 3759 judicio
1095 3693 1300 3761 scriptiunculas
1324 3708 1398 3751 meas
1423 3696 1612 3766 subjicerem,
1644 3697 1754 3765 ninilque

141 3749 279 3832 dictionis,-
291 3760 370 3832 atque
384 3750 411 3805 in
424 3759 514 3833 capite
521 3752 642 3821 alterius,
655 3755 766 3822 primam
783 3770 797 3809 a
813 3755 922 3814 librario
972 3761 1037 3814 mibi
1051 3764 1185 3831 acceptius
1196 3764 1303 3829 accidit,
1319 3754 1398 3834 duam
1413 3767 1553 3836 numquid
1567 3767 1702 3839 peccarim
1711 3766 1754 3821 ad·

141 3827 333 3903 scapeomrttrs
355 3821 406 3875 sine
421 3835 561 3903 nnussoer
583 3837 641 3904 cnm
662 3826 718 3892 ipso
740 3840 849 3895 sernper,
873 3842 922 3897 pro
972 3844 1093 3886 moneor.
1109 3832 1156 3889 Vir
1170 3836 1239 3890 inter
1252 3834 1439 3901 amicissimos,
1452 3836 1591 3893 Antonius
1606 3838 1690 3891 liaris
1702 3836 1754 3890 Sal·

141 3903 283 3971 eansspsos
294 3902 410 3971 sempe,
424 3890 486 3945 alrbr
499 3906 531 3946 er
546 3894 842 3974 opposrtoimportune
855 3911 921 3952 eon·
973 3902 1073 3966 riuius,
1087 3903 1177 3958 saculi
1192 3904 1285 3971 decus,
1303 3920 1364 3962 eum
1377 3904 1405 3960 in
1416 3920 1480 3961 curn
1492 3907 1619 3975 epistota
1635 3920 1703 3962 mee
1714 3907 1753 3960 lu·

138 3958 364 4041 duplicatcrupcr¹
385 3974 522 4029 repressus,
544 3961 596 4043 ullas
617 3977 755 4033 reserpere,
779 3979 841 4020 cum
854 3967 922 4022 scri·
971 3982 1044 4036 cum,
1069 3971 1147 4039 burins
1168 3975 1310 4030 voluminis
1332 3975 1386 4031 col.
1408 3974 1478 4031 tttu
1499 3974 1649 4042 incideret,
1674 3993 1724 4047 qao
1742 3988 1757 4029 s

138 4026 254 4108 bendum
267 4038 325 4109 erat
338 4044 408 4098 nrper
421 4043 556 4111 serenus,
566 4101 572 4113 ι
583 4029 624 4083 rili
642 4034 789 4113 suscipere,
810 4037 921 4107 repinnis
971 4041 1038 4109 repis
1052 4042 1181 4098 vocabulo
1193 4045 1228 4100 de
1242 4042 1362 4101 Romano
1376 4046 1540 4112 imperatore
1565 4062 1622 4102 non
1644 4050 1698 4118 agi,
1719 4060 1757 4100 ar·

135 4108 188 4176 pro
201 4098 619 4180 retemperantetiarn-scribitur
642 4116 667 4154 ru
690 4102 852 4159 laurinensi
874 4119 921 4162 co-
970 4122 1052 4177 gucre
1068 4111 1174 4178 rideor;
1191 4115 1331 4169 commode
1344 4114 1444 4179 docuit,
1463 4115 1525 4171 aliis
1547 4119 1659 4188 quidem
1679 4130 1756 4185 artu·

136 4164 236 4232 drce,e
253 4181 307 4236 quo
320 4178 425 4221 murum
439 4168 576 4238 Epitomes
590 4170 787 4226 institutionum
806 4172 922 4230 Laetan-
970 4180 1069 4234 mentis
1082 4192 1157 4237 recte
1171 4183 1197 4239 id
1213 4185 1338 4252 probari,
1352 4185 1400 4239 illo
1413 4199 1477 4241 rere
1490 4200 1684 4256 nequaquam:
1700 4200 1754 4241 cunr

135 4233 327 4319 tiiuusquam
350 4244 427 4291 antea
452 4239 548 4302 risum,
574 4240 674 4321 aliquot
696 4241 732 4296 ab
754 4243 817 4297 binc
841 4246 919 4301 aunis
969 4261 1002 4302 er
1018 4263 1084 4305 rore
1133 4253 1234 4319 σιιιως,
1251 4268 1304 4324 qua
1319 4253 1352 4308 ad
1373 4254 1509 4311 Romanos
1528 4257 1710 4325 immaturas
1725 4258 1757 4309 sl·

137 4315 225 4358 crnrsr.
239 4304 306 4370 Qurd
322 4320 467 4361 memorem
481 4307 690 4378 deprehendisse
706 4326 749 4366 me
763 4314 918 4382 reddamini,
970 4316 1084 4388 puillcan
1104 4336 1134 4375 ns
1150 4319 1237 4377 Greci
1251 4325 1291 4378 uti
1306 4323 1403 4388 solent,
1416 4323 1519 4381 barinis
1531 4330 1615 4381 ctiam
1630 4326 1755 4398 legendis.

136 4385 185 4437 pro
199 4390 226 4426 se
238 4376 359 4430 domimi
382 4377 489 4459 aedilicii
509 4393 558 4447 pro
576 4395 603 4434 se
620 4380 705 4434 dicit?
726 4380 808 4463 didici
826 4397 860 4439 ex
875 4383 916 4441 bis
970 4399 1001 4440 ut
1015 4399 1154 4455 vocantur,
1173 4394 1241 4463 repis
1255 4408 1352 4449 nomeu
1366 4394 1460 4451 eadem
1474 4396 1677 4466 significatione
1690 4410 1755 4466 seps

134 4453 194 4508 ortu
206 4458 258 4497 nou
271 4453 334 4499 sunt
347 4446 426 4515 bupus
436 4446 499 4502 locr.
514 4446 696 4505 Pruludentes
707 4450 804 4507 inlice
818 4452 917 4524 liussuss
970 4458 1118 4516 adlraesisse
1130 4462 1358 4531 deprebendatur.

143 4578 1756 4617 ··-·---·-—-·-··--——-·—-—--—..--

840 4660 1065 4727 tumulltu.

166 4774 264 4831 breves
278 4783 293 4814 ⁸
306 4775 506 4847 apostolorum,
521 4790 589 4848 quos
602 4790 652 4833 nos
666 4776 773 4847 proprie
785 4776 914 4851 Comple·
930 4786 1047 4846 Drersa
1070 4784 1296 4855 complectuntur,
1311 4803 1371 4859 qua
1394 4788 1446 4846 sibi
1470 4791 1609 4865 tangenda
1622 4810 1686 4853 esse
1699 4810 1752 4867 pm

130 4864 222 4922 aiones
236 4880 377 4936 possumus
394 4867 547 4939 appellare,
571 4868 726 4925 summatim
741 4869 855 4927 dicendo
875 4870 916 4929 di·
971 4882 1088 4945 ponunt;
1104 4885 1134 4932 ut
1146 4890 1197 4935 nee
1208 4878 1304 4936 relatio
1314 4880 1447 4950 iudicetur
1458 4879 1580 4951 mutor,
1596 4900 1650 4943 uec
1662 4884 1752 4959 aliquid

166 5018 360 5088 *Argumenta
379 5021 436 5078 sire
446 5021 571 5079 lemmata
584 5036 645 5095 quae
659 5024 841 5095 praellguntur,
856 5024 914 5095 qui·
969 5026 1079 5098 dicitur3
1101 5032 1164 5089 elim
1187 5045 1247 5085 cum
1266 5032 1360 5089 botius
1386 5034 1563 5106 monebamur,
1583 5038 1753 5097 ssi-metm

128 5085 229 5158 busque
244 5099 332 5146 textus
345 5093 456 5160 quodum
468 5093 538 5148 nobis
550 5094 916 5168 conpenuinpunulrurltttr.
969 5100 1111 5158 dicebatur.
1138 5102 1226 5157 lunuit
1240 5115 1329 5159 autem
1344 5118 1437 5161 auctor
1451 5110 1571 5175 potuisse
1592 5112 1752 5181 explanatiu-

128 5154 203 5215 laest-
216 5172 275 5229 cap.
292 5160 331 5231 ι),
353 5176 406 5216 non
419 5164 501 5217 modo
512 5162 614 5218 Titulos
633 5172 661 5218 et
674 5163 793 5233 capitulo
810 5174 917 5243 veteres
969 5184 1019 5226 nes
1038 5173 1085 5227 bas
1106 5186 1169 5228 suas
1190 5169 1281 5229 liseees
1300 5175 1381 5230 etiam
1402 5176 1544 5246 appellsri,
1562 5193 1629 5235 cum
1650 5183 1677 5236 in
1695 5182 1752 5251 ips'u

127 5228 304 5303 spoliarunt,
317 5230 364 5286 sed
379 5231 458 5286 etiam
469 5230 572 5287 Breues.
585 5232 612 5287 ln
624 5233 784 5289 collectione
795 5245 916 5290 reserum
969 5254 1023 5296 nnn
1045 5252 1137 5297 currctu
1155 5242 1232 5297 nuic
1253 5244 1394 5310 discutiet,
1417 5248 1463 5300 sed
1482 5262 1603 5304 sumnus
1625 5252 1752 5307 sanic

149 5299 281 5362 statuum,
295 5315 311 5355 a
324 5299 480 5356 doctissimo
492 5301 623 5356 cardinali
637 5300 783 5357 'lbomasio
796 5304 914 5375 vulgata,
969 5310 1094 5381 poscitote
1107 5312 1288 5382 ecmpbctctur
1300 5330 1311 5371 .·
1325 5316 1414 5384 aptius
1435 5328 1525 5372 tanuen
1541 5317 1752 5392 Complectiassn

125 5379 175 5434 qus
198 5367 286 5452 codes
306 5384 376 5451 unus
391 5370 481 5437 babet,
497 5368 630 5452 lneipiant
645 5371 782 5452 capitular
806 5370 915 5443 preiert
968 5381 1078 5437 nomine
1096 5382 1233 5438 donandas
1243 5382 1336 5451 luisse,
1347 5384 1419 5454 quod
1431 5386 1595 5459 pruilgends
1617 5392 1750 5447 summaria

123 5439 211 5520 alter,
227 5437 358 5509 lncrprunt
379 5437 506 5495 sinn:
537 5441 597 5497 arde
618 5440 710 5512 Canuti
737 5440 914 5499 Glossarium.
970 5465 1025 5504 trun
1047 5452 1118 5520 sint,
1142 5452 1191 5508 scd
1214 5454 1293 5509 veluti
1318 5456 1496 5525 parapbrases
1520 5459 1649 5530 qnamdam
1677 5456 1750 5517 narsi

124 5504 192 5562 lirnc
206 5523 231 5561 ιιι
247 5524 312 5566 mss.
325 5508 483 5581 quibusdam
497 5509 576 5568 index
591 5510 744 5566 lemmatum
756 5511 916 5566 Breelurisns
969 5519 1121 5588 nunciandae,
1149 5532 1177 5577 ct
1202 5538 1262 5592 num
1286 5527 1458 5585 continentur
1482 5526 1512 5585 ln
1539 5539 1618 5587 textu
1645 5532 1749 5607 corripis·

124 5584 249 5653 roustur;
270 5593 324 5648 qun
346 5594 412 5635 sane
432 5579 563 5635 vocabulo
583 5582 623 5636 usi
638 5590 702 5636 suist
720 5581 803 5637 etiam
818 5580 915 5638 Sueto·
970 5598 1083 5663 cennens,
1097 5596 1232 5669 mmm,

124 5656 184 5699 nus
201 5660 225 5703 cr
241 5649 352 5708 Plinius.
366 5649 479 5722 Sonus,
495 5649 573 5723 epist.
589 5650 644 5708 ιιι
661 5649 743 5725 lnlpo
757 5650 917 5711 Bmmurisns
1235 5651 1239 5659 '

959 5736 1024 5774 saw
