3802 6120
130 161 173 216 llil
711 215 712 218 ,
734 156 769 212 lt.
790 154 931 214 uuuuutt
949 157 1153 248 cessionum
1709 157 1765 216 75!

126 286 219 346 peres,
241 271 318 343 cnjus
343 279 447 343 partem
462 266 559 323 dietam
583 281 644 324 esse
670 268 796 326 sentires.
813 269 952 335 lleindett
969 282 1169 331 ratasuntrota
1181 274 1402 335 desiderantium.
1414 277 1766 350 Cmnespuitpoputuslle·

126 382 274 439 congruum
288 364 339 420 tuit
363 373 392 420 ut
407 378 463 418 rem
477 372 567 418 notam
584 360 658 416 uaria
673 361 804 418 relatione
817 361 920 419 deseri·
972 363 1118 432 uncorum,
1135 375 1162 421 et
1174 370 1318 422 coturnices
1332 371 1443 440 occepit.
1457 369 1568 425 Constat
1581 371 1652 425 enirn
1666 379 1720 424 tatu
1736 371 1765 425 io

127 459 212 524 beret,
223 471 282 513 cum
298 454 485 527 AEpyptiorum
503 467 608 524 peenas,
622 461 651 508 et
665 453 777 509 totidem
795 453 921 511 llebraeo·
972 456 1124 512 volatilibus
1148 472 1228 528 quum
1243 458 1270 512 in
1289 458 1505 530 quadrupedibus
1520 475 1614 516 cernes
1629 475 1689 515 esse
1707 460 1765 516 siue

126 566 186 607 ιιιιιι
205 545 333 605 beneficia
351 544 522 615 praedicaret.
537 542 595 600 'Sic
621 539 679 598 uon'
695 542 847 614 diuersum,
873 545 920 601 scd
971 547 1051 603 dubio
1062 540 1205 605 dulciores.
1221 549 1322 606 Deittde
1334 567 1415 607 unum
1428 553 1581 622 postularit,
1593 552 1766 623 etgeminatx

126 653 207 694 causa
222 636 358 693 mrtetatts
373 635 551 692 videturesse
569 632 791 705 pulcherrimum.
806 633 869 692 Sive
881 635 921 708 (ut
971 649 1111 694 uerterunt.
1127 639 1253 710 Sequitur
1263 642 1356 706 euim,
1371 653 1394 697 et
1407 659 1473 715 pone
1490 645 1547 699 coeti
1571 645 1697 699 suturuoit
1711 660 1764 699 sos.

128 731 199 787 Patri
224 729 371 802 Augustino
392 729 496 801 placet)
511 729 594 785 libem
618 736 659 784 est
685 728 802 784 laudatio
824 744 839 784 a
861 730 921 801 lege
971 725 1039 782 Sunt
1052 729 1124 784 euim
1138 729 1188 784 istu
1203 728 1291 784 Exodi
1305 731 1420 787 lectione
1432 731 1583 800 notissima,
1598 734 1706 802 quaudo
1719 747 1767 788 co-

130 819 282 877 mmotis:
299 833 360 873 nam
383 816 429 888 qni
445 819 510 874 terit
530 817 679 883 historiam,
704 831 815 874 necesse
838 816 938 874 dubet·
972 817 1090 874 turnines
1112 819 1140 874 in
1165 820 1273 876 modum
1302 820 1397 878 imbris
1421 822 1576 879 densissimi
1603 823 1768 894 depluebant

128 911 218 967 omnia
243 922 457 966 commemorare
477 907 645 977 plenissime3
662 906 708 979 qui
731 916 798 964 rcro
815 908 919 976 laudat,
972 910 1037 984 [ed.,
1052 910 1231 985 defluebartt];
1250 928 1349 969 nranna
1361 930 1468 987 quoque
1483 926 1512 970 ut
1527 915 1637 972 iudeus
1653 917 1767 987 populus

129 1017 213 1076 panca
227 1001 262 1060 de
283 1001 405 1074 piurimis
428 1001 548 1073 tetigisse
572 999 698 1056 suldciet.
716 1000 837 1058 Breviter
856 1017 921 1074 ergo
976 1007 1137 1071 satiaretur,
1151 1006 1266 1076 accepit.
1289 1007 1341 1062 sed
1363 1017 1391 1062 ut
1412 1010 1469 1062 lraec
1483 1009 1509 1062 in
1524 1009 1765 1079 prefigurationem

128 1092 306 1164 priorarllcit,
319 1092 445 1160 quianon
459 1091 503 1147 bic
515 1092 667 1148 nescientes
681 1090 770 1156 docet,
787 1092 835 1147 sed
847 1107 923 1148 cum·
972 1092 1042 1149 tuctu
1057 1103 1239 1162 monstraret,
1252 1111 1305 1152 nou
1324 1097 1401 1164 dixit,
1417 1114 1529 1166 manna,
1541 1099 1588 1154 sed
1604 1116 1670 1171 pone
1689 1102 1766 1168 culi,

129 1192 259 1241 memoret
269 1185 361 1255 utique
371 1184 528 1241 retinentes.
542 1185 575 1239 Et
587 1185 716 1254 quoniam
728 1194 770 1241 est
783 1184 811 1240 iu
825 1184 920 1243 subse·
972 1193 1105 1253 quatenus
1119 1185 1145 1240 in
1158 1186 1203 1241 illo
1214 1201 1326 1244 munere
1340 1189 1443 1243 domiui
1461 1179 1608 1246 saluatoris
1619 1192 1768 1247 sentiretur

129 1279 220 1349 ruenti
232 1276 363 1334 divisione
378 1279 498 1334 dicturus
513 1267 617 1349 septem
632 1278 761 1335 uertenda
778 1278 922 1337 Dominum
972 1275 1112 1332 adrentus.
1130 1278 1189 1348 lpse
1207 1288 1250 1337 est
1273 1281 1346 1336 enim
1369 1284 1445 1352 ponis
1459 1283 1529 1336 rinos
1548 1284 1591 1353 qni
1606 1284 1638 1337 de
1649 1285 1714 1340 coto
1725 1286 1768 1341 de·

129 1369 241 1425 llebraeo
260 1369 360 1440 populu
373 1370 546 1439 praestitisse,
563 1370 693 1440 praemisit
707 1379 811 1440 septem
829 1370 921 1443 plagas
972 1369 1068 1422 suendis
1080 1368 1168 1441 (loon.
1185 1386 1223 1439 rr,
1239 1371 1295 1442 51).
1312 1372 1407 1427 llanm
1423 1374 1522 1443 qtaippe
1534 1374 1643 1442 dicitur,
1656 1375 1728 1430 sicut
1740 1377 1768 1432 in

129 1462 250 1519 inimicus
264 1461 404 1537 AEnyptios
418 1464 569 1533 accepisse,
585 1471 615 1518 ut
625 1476 753 1519 uumerus
767 1456 826 1534 ipse
839 1464 922 1537 (sicut
972 1461 1169 1530 septuagesimo
1183 1462 1298 1532 septimo
1314 1463 1417 1533 psalmo
1439 1464 1604 1519 deciaratum
1626 1474 1688 1530 esi.
1702 1465 1768 1536 quid

129 1555 253 1610 arbitrari
265 1552 385 1625 possum)
397 1554 527 1610 bonarum
538 1562 567 1609 et
580 1552 711 1609 malarum
722 1568 812 1610 rerum
828 1555 855 1610 in
870 1554 922 1612 ltoe
973 1557 1015 1603 est
1030 1549 1102 1604 ituci
1116 1549 1198 1620 Cujus
1217 1552 1334 1609 nominis
1353 1552 1479 1610 auterens
1493 1557 1684 1624 questionem,
1696 1556 1769 1627 quud

131 1649 233 1719 psalmo
245 1647 454 1717 comprobabilis
470 1646 626 1705 haberetur,
938 1639 1149 1713 Binterrugatio
1172 1642 1215 1696 illu
1235 1658 1340 1698 mannae
1365 1646 1558 1716 perquirebat,
1573 1648 1710 1716 expressit
1729 1647 1768 1705 dt

167 1742 241 1798 llcrs.
254 1741 298 1796 st.
314 1739 347 1794 Ει
361 1740 450 1795 eduxit
464 1756 508 1795 eos
529 1740 557 1794 in
579 1748 685 1814 arpento
698 1749 724 1796 et
734 1757 799 1795 suro
812 1780 820 1808 ,
833 1750 856 1794 et
872 1755 922 1794 non
975 1735 1075 1804 teudo,
1092 1754 1158 1807 pune
1178 1738 1235 1792 coeli
1248 1739 1374 1794 colorauit
1387 1754 1440 1794 eos.
1463 1739 1509 1795 Sic
1522 1739 1593 1794 enim
1606 1750 1633 1795 et
1644 1740 1706 1797 coeli
1721 1740 1768 1798 uo

129 1842 183 1889 erut
197 1833 224 1887 in
238 1830 354 1887 tributus
373 1848 461 1886 sorum
483 1828 614 1901 infirmus.
640 1832 811 1888 Enumeratis
838 1831 924 1901 plagis
975 1830 1064 1884 minus
1079 1830 1225 1897 indicatur,
1241 1840 1268 1887 et
1290 1830 1353 1906 quid
1369 1833 1404 1889 sit
1425 1848 1521 1887 matina
1537 1832 1784 1907 cridenteragnu·

129 1938 198 1996 quas
210 1923 285 1980 dedit
298 1921 444 1995 AEgyptiis,
469 1923 542 1977 uenit
565 1921 601 1977 ad·
620 1923 742 1994 quintam
758 1929 879 1990 partem,
896 1921 922 1976 in
975 1923 1058 1977 scitur
1071 1921 1137 1997 [rd.,
1151 1922 1322 1996 ostenditurl.

130 2033 183 2090 qus
198 2016 307 2073 totidem
328 2014 459 2072 ltenedcia
473 2014 594 2071 tteuraets
608 2015 673 2070 dicit
686 2028 747 2070 esse
759 2015 866 2071 collita.
880 2013 925 2069 dit
988 2030 995 2038 ·
1014 2013 1093 2071 llers.
1108 2016 1154 2071 tl.
1171 2013 1290 2084 disrupit
1304 2025 1412 2088 petrum,
1429 2025 1453 2071 et
1463 2020 1592 2088 dormant
1604 2034 1688 2088 opum,
1699 2018 1731 2075 ol
1742 2035 1766 2075 r·

130 2112 218 2170 enim:
229 2109 263 2165 ut
275 2109 361 2164 educit
371 2124 414 2162 eos
424 2109 450 2163 in
460 2117 566 2177 otperto
577 2116 600 2160 et
612 2122 687 2161 onro.
702 2105 820 2162 Primum
832 2106 923 2175 itaque
975 2113 1035 2158 runt
1049 2106 1075 2159 in
1088 2106 1156 2160 sicco
1177 2107 1295 2175 plurrsinu.
1323 2107 1379 2163 lluc
1392 2123 1500 2179 quoque
1513 2109 1540 2164 in
1556 2109 1667 2180 figuram
1688 2124 1766 2180 gore-

131 2200 290 2260 betteliciunt
313 2197 375 2277 luit,
395 2207 425 2254 ut
444 2199 557 2268 populus
580 2196 660 2269 longa
674 2197 804 2252 servitute
830 2196 922 2253 conle-
977 2200 1056 2253 butur
1080 2199 1186 2254 [lumini
1212 2199 1329 2267 Christi,
1349 2209 1378 2255 ut
1402 2210 1476 2270 petra
1499 2216 1581 2272 aquus
1605 2202 1767 2274 profudisset

129 2303 201 2360 ctus,
217 2305 269 2348 uon
282 2291 383 2362 egenus
396 2288 536 2358 inanisque
549 2280 712 2343 discederet.
727 2289 828 2341 Aurum
840 2295 863 2339 et
878 2302 923 2339 or·
974 2292 1097 2363 irriguas.
1108 2290 1231 2349 Christus
1241 2294 1312 2348 enim
1327 2294 1454 2349 Dominus
1464 2304 1539 2365 petra
1550 2296 1698 2366 spiritualis
1708 2304 1763 2365 est,

130 2395 234 2460 pentum
254 2383 428 2439 israeliticum
444 2381 571 2451 populum
586 2379 621 2434 ab
636 2378 770 2450 AEgyptiis
785 2391 923 2450 praecepto
974 2383 1018 2451 nui
1033 2381 1128 2438 vitales
1140 2396 1225 2453 aquas
1245 2394 1364 2451 emanat,
1380 2385 1450 2442 uude
1462 2386 1587 2442 retiatum
1600 2386 1766 2445 desiderium

130 2475 236 2534 Domlrd
249 2472 432 2530 discedentem
454 2471 566 2541 legimus
580 2461 782 2540 accepisse,'ut
806 2484 859 2524 uon
880 2485 924 2527 re·
974 2472 1155 2537 animaesitim
1178 2473 1282 2530 nesciat
1297 2476 1408 2532 ulterius
1430 2476 1574 2532 sustinere.
1595 2477 1721 2532 Adurunt
1739 2480 1766 2534 io

130 2569 239 2642 pennos
250 2566 399 2637 subreptio,
416 2556 561 2636 sed'longoe
571 2563 735 2636 operationis
747 2562 851 2620 merces
862 2579 923 2621 esse
974 2564 1039 2619 sicco
1048 2567 1167 2637 domino,
1180 2566 1314 2637 siguificat
1327 2569 1447 2638 gentium
1463 2578 1629 2639 peccatores,
1646 2570 1692 2641 nui
1707 2585 1767 2627 me·

130 2663 269 2741 vidntur„
286 2660 318 2717 Et
333 2658 394 2735 quia
409 2657 526 2714 dubitari
551 2673 606 2714 uon
623 2664 711 2725 potest
724 2656 814 2713 omnin
833 2655 922 2715 [lomi-
974 2655 1025 2711 rito
1049 2658 1114 2712 sicci
1141 2657 1288 2726 dicuutur;
1305 2660 1432 2730 quoniam
1461 2660 1566 2717 delictis
1592 2662 1766 2719 siccabuntur

130 2769 194 2812 uum
207 2746 280 2825 justa
304 2752 469 2823 precipere,
487 2748 546 2805 sine
573 2747 651 2819 culpa
673 2747 777 2803 ridetur
801 2747 921 2814 iactum,
974 2748 1113 2804 urentibus
1128 2749 1193 2821 led,
1208 2748 1373 2822 arentibus];
1387 2752 1429 2807 isti
1453 2751 1538 2808 imlsre
1559 2753 1666 2809 llomini
1691 2754 1767 2812 rire-

129 2845 201 2916 quod
223 2843 284 2916 ejus
307 2841 423 2912 imperio
445 2848 553 2898 constat
574 2840 724 2913 impletum.
755 2839 918 2909 Quapropter
974 2850 1097 2909 scentes,
1116 2842 1143 2898 iu
1159 2858 1258 2899 norum
1274 2843 1412 2902 hominem
1426 2846 1608 2917 pullularunt,
1620 2848 1655 2902 de
1671 2848 1768 2914 ouibus

129 2935 249 3008 sequitur
270 2933 418 2990 secumdum
443 2929 616 3000 beneficium,
642 2929 671 2986 ut
694 2931 739 2986 illa
760 2931 922 2988 necessitate
976 2931 1202 2990 Duritiousdictt:
1225 2934 1376 2991 Venitenim
1392 2935 1478 2992 Filios
1496 2938 1769 3008 dominisquoererert

129 3025 298 3097 migrationis
312 3024 403 3081 nullus
418 3022 574 3078 indemitate
593 3035 722 3091 corporea
738 3021 869 3092 potuisset
881 3019 922 3077 at·
937 3023 959 3085 C
975 3027 1071 3080 sotrum
1082 3028 1166 3096 lucere
1178 3028 1248 3097 quod
1259 3029 1369 3099 perierat
1382 3029 1457 3101 (Luc.
1473 3046 1528 3099 mx,
1547 3029 1603 3100 ld).

130 3123 352 3192 digi3qustenus
374 3118 464 3174 omniu
493 3127 622 3174 navanter
646 3117 725 3192 [ldrs.
749 3119 793 3182 d..
815 3117 859 3186 Β,
876 3116 923 3186 F„
1013 3117 1149 3174 Versl2.
1174 3119 1241 3184 Quin
1260 3136 1357 3176 mensor
1376 3122 1425 3192 [uis
1444 3123 1511 3177 nerii
1528 3122 1677 3189 sanctiani,
1698 3126 1774 3193 nsorl

130 3209 259 3287 oranter]
274 3211 419 3283 implerent
440 3224 500 3280 qun
524 3207 578 3265 illis
598 3207 822 3280 praecipiebamur
836 3223 852 3264 s
868 3208 922 3265 llo·
974 3211 1073 3267 locator
1083 3220 1121 3266 est
1133 3211 1307 3268 adiltrudam
1320 3229 1427 3284 pserunt
1441 3230 1526 3272 muru.

130 3306 214 3364 uxluu.
1010 3302 1086 3359 Vers.
1101 3303 1148 3359 lu.
1162 3301 1197 3358 lu
1207 3304 1295 3360 eduxit
1309 3303 1435 3375 poputum
1456 3321 1532 3360 suum
1543 3305 1571 3358 io
1583 3304 1769 3373 rsssltuss'unr,

167 3392 243 3455 Veis.
256 3390 457 3452 &Mirtum
471 3392 810 3469 AEppptnsioprolectione
822 3411 923 3464 eorum,
974 3401 997 3448 ιι
1018 3393 1112 3448 electm
1129 3408 1189 3448 suos
1210 3395 1238 3448 in
1262 3393 1362 3450 tulitin.
1380 3394 1409 3450 lu
1432 3395 1474 3449 liis
1496 3395 1600 3451 duobus
1625 3396 1769 3464 sensimus,

130 3490 190 3562 puis
202 3488 294 3544 cecidit
319 3488 395 3542 timor
408 3502 498 3541 eorum
520 3501 599 3555 super
619 3501 672 3543 eor.
688 3485 836 3559 Diligenter
852 3486 923 3544 ltuuc
973 3484 1161 3540 miraculorum
1173 3499 1234 3555 pute
1244 3485 1369 3555 superius
1383 3484 1451 3541 dixit
1461 3500 1541 3543 causa
1552 3498 1695 3554 narratum
1707 3488 1771 3545 ideo

131 3595 240 3638 versum
256 3578 386 3635 debemus
397 3575 542 3648 inquirere.
559 3575 670 3631 Constat
683 3574 754 3632 euim
768 3575 924 3634 discedente
973 3577 1044 3634 enim
1055 3576 1400 3647 dicunturlacta‚quoulam
1409 3578 1525 3634 durature
1533 3578 1697 3634 constabunt
1707 3594 1770 3636 essu

132 3672 231 3743 populu
253 3669 426 3726 llebraeurum
449 3664 592 3739 AEgyptum
607 3680 660 3721 uon
688 3663 770 3722 luisse
794 3664 922 3733 lutatam,
973 3669 1116 3740 promisso.
1128 3668 1163 3723 Et
1182 3667 1286 3739 respice
1300 3667 1372 3739 quod
1392 3668 1467 3738 dicit,
1482 3669 1576 3725 electos
1594 3686 1656 3726 suos
1674 3670 1771 3727 ederis

132 3763 239 3837 quando
251 3776 312 3817 enm
328 3756 540 3830 persequendum
553 3771 614 3814 esse
625 3753 772 3826 judicarit:
787 3755 836 3813 sed
850 3765 924 3827 post·
973 3764 1001 3817 in
1012 3761 1120 3834 lotitia:
1133 3760 1260 3832 quoniam
1281 3759 1321 3816 illi
1341 3759 1387 3830 qui
1406 3771 1639 3818 murmuraverunt
1658 3760 1771 3819 domiui

130 3870 209 3928 quam
231 3854 269 3910 illi
284 3852 401 3910 demersi
414 3860 478 3906 suut
491 3848 537 3922 qui
551 3848 584 3905 sd
600 3846 781 3919 insequendos
794 3847 923 3905 llebraeos
974 3853 1065 3911 lurore
1080 3853 1201 3926 percussi
1215 3860 1289 3910 sunt.

130 3951 170 4005 ire
192 3946 468 4010 decreverant,·tunc
487 3941 532 4013 qul
554 3941 582 3996 iu
598 3939 717 4012 AEpypto
737 3951 922 3996 remanserant
1011 3947 1086 4003 llers.
1108 3946 1154 4000 dl.
1176 3944 1210 4000 Ει
1223 3944 1468 4016 dediteirrspiunes
1482 3946 1611 4017 pendumr
1627 3955 1651 4000 et
1665 3944 1770 4000 laborm

129 4037 239 4095 ommino
253 4035 334 4092 lutati
349 4042 424 4104 sunl,
435 4034 497 4105 qula
507 4031 607 4088 similit
619 4031 730 4088 minime
744 4032 921 4102 pertulerunt.
973 4040 1127 4111 populorum
1139 4040 1316 4110 possederunt.

131 4129 230 4188 lleddlt
251 4128 322 4186 enim
346 4127 416 4184 ltauc
440 4139 550 4182 causum
573 4139 634 4180 cum
656 4123 738 4192 dicit,
753 4126 814 4196 poio
830 4125 922 4181 cecidit
1008 4129 1086 4185 Vers.
1098 4130 1143 4186 ld.
1160 4129 1194 4185 llt
1207 4129 1556 4203 custodiuntjostificotiorres
1567 4130 1634 4199 ejus,
1646 4135 1669 4182 et
1686 4129 1770 4202 leym

140 4222 207 4277 imor
217 4237 305 4278 rursm
315 4236 391 4292 snper
402 4234 457 4275 eos.
473 4217 616 4288 lpseeuim
631 4218 707 4272 timor
721 4216 782 4284 luit,
793 4225 823 4274 ut
838 4218 864 4274 in
881 4217 921 4273 la·
974 4224 1031 4294 ejus
1046 4222 1188 4292 requirunt.
1203 4221 1282 4277 Venit
1295 4219 1329 4277 ad
1343 4221 1485 4292 septimum
1508 4218 1679 4275 beneficium.
1693 4218 1770 4275 uixit

128 4327 194 4371 vore
208 4312 296 4382 pensis
317 4308 457 4366 liebrsicre
482 4308 540 4381 ipsa
553 4309 752 4379 quodammodo
766 4308 922 4366 riderentur
973 4311 1044 4366 enim
1060 4310 1185 4380 primum,
1198 4310 1310 4369 eductos
1320 4312 1348 4371 iu
1362 4325 1429 4367 auro
1441 4321 1468 4366 et
1478 4317 1605 4382 urgento;
1618 4308 1719 4367 deiude
1731 4323 1769 4365 ex

130 4402 264 4459 elementa
275 4413 418 4472 pugnasse.
435 4399 469 4455 Et
482 4399 592 4455 intende
602 4399 663 4470 quia
676 4413 724 4469 per
740 4399 852 4467 liguram
862 4414 921 4456 me·
934 4387 959 4446 D
972 4397 1012 4453 eis
1038 4398 1140 4454 nullum
1164 4399 1344 4464 inlirmatum;
1367 4397 1447 4453 tertio
1469 4411 1617 4467 expansam
1641 4396 1767 4465 nubem,

131 4494 287 4569 tonpmlsm,
301 4507 362 4565 qum
375 4491 471 4553 tauro
479 4490 704 4551 transnominatio
712 4490 820 4559 dieitur,
834 4489 919 4563 AEpp·
972 4505 1032 4560 qum
1046 4498 1075 4546 et
1090 4490 1179 4546 lumen
1194 4497 1334 4559 praestaret
1347 4491 1374 4557 ip
1388 4488 1516 4555 tenebris,
1530 4497 1558 4545 et
1571 4486 1598 4544 iu
1613 4486 1659 4544 die
1670 4501 1767 4561 remo·

130 4599 217 4658 prom,
232 4600 286 4644 uun
308 4584 450 4659 AEpyptlos
477 4592 607 4642 memorat
620 4583 705 4640 luisse
727 4584 840 4644 laetatos.
867 4583 919 4642 Per
973 4587 1051 4636 reret
1078 4579 1143 4636 solis
1171 4578 1313 4647 ardorem;
1333 4588 1429 4650 quarto
1454 4578 1621 4641 coturnicem
1639 4576 1765 4645 7ιιιιιιιις

128 4679 155 4733 id
169 4678 240 4733 enirn
263 4670 491 4749 nuud'cotrtiuet,
513 4674 540 4732 id
559 4674 631 4753 quod
654 4675 806 4738 continetur
829 4684 919 4732 osten·
972 4668 1067 4740 (ιῦῖῦῑο
1090 4668 1174 4726 relert
1195 4669 1299 4725 ⁰⁰³¹&st
1323 4683 1392 4738 9²⁰0
1410 4669 1537 4734 satiatos;
1551 4676 1629 4731 lusit
1651 4666 1681 4722 iu
1697 4667 1766 4724 locis

126 4784 185 4826 sum
198 4777 249 4825 est.
972 4757 1130 4815 olidissimis
1151 4772 1235 4830 aquas
1249 4759 1363 4830 irriguus
1377 4773 1533 4825 emanasse3
1549 4758 1583 4815 sd
1593 4767 1764 4829 postremum

163 4861 240 4919 terr.
255 4858 303 4918 m.
323 4860 457 4932 Exposuit
471 4859 564 4916 oriem
577 4860 605 4914 in
619 4859 800 4930 protectionem
820 4873 919 4925 eornm.
974 4853 1179 4925 promissionum
1195 4856 1333 4911 veritatem
1349 4855 1432 4912 luisse
1442 4855 1614 4926 completam,
1632 4862 1662 4910 ut
1680 4856 1725 4911 sis
1735 4865 1766 4921 ss

123 4961 150 5007 el
163 4954 247 5025 ipnsm
260 4960 287 5007 ιιι
302 4933 399 5008 duceret
413 4953 450 5006 eis
464 4967 508 5022 per
525 4962 634 5007 nucleus.
649 4950 799 5021 Utrumque
821 4963 918 5008 munus
972 4944 1095 5015 regiones
1118 4945 1238 5016 gentium
1263 4944 1391 5012 traderet,
1415 4955 1443 5016 et
1469 4945 1575 5002 luiturus
1587 4945 1763 5005 mimicorum

127 5052 219 5101 contra
234 5042 362 5113 temporis
373 5041 572 5099 inclementiam
589 5043 717 5114 probatur
729 5056 790 5097 esse
804 5055 916 5098 eutices·
971 5036 1070 5108 pietate
1084 5038 1269 5109 copiosissima
1282 5038 1434 5111 largiretur.
1447 5038 1524 5108 Quod
1538 5038 1608 5093 enim
1624 5039 1707 5106 dixit,
1716 5056 1761 5096 re·

126 5148 196 5190 sum.
211 5131 300 5189 iloto
311 5133 372 5189 data
386 5140 437 5200 est,
455 5144 483 5188 ιιι
496 5131 560 5187 solis
583 5138 747 5205 temperaret
768 5130 914 5198 ardorem3
970 5133 1057 5203 plores
1079 5130 1202 5201 perdum,
1223 5128 1256 5184 sd
1277 5129 1475 5200 possessionem
1500 5129 1604 5188 ridetur
1624 5128 1762 5200 pertinere

126 5227 193 5300 ipris
205 5239 349 5282 concessus
364 5234 417 5291 cst,
435 5235 463 5278 ut
477 5224 649 5280 tenebrarum
666 5223 796 5291 potuisset
809 5221 914 5278 auterre
967 5234 1099 5283 terrarum
1112 5239 1121 5291 ;
1137 5222 1236 5280 luderes
1248 5236 1313 5280 reru
1325 5223 1490 5295 populorum,
1507 5221 1540 5278 sd
1554 5221 1662 5277 diuitias
1677 5221 1762 5295 loupu

126 5317 278 5388 caliginem,
299 5316 355 5372 tloe
376 5325 418 5372 est
431 5316 549 5381 tertium,
566 5314 637 5385 qtrod
653 5313 800 5371 israelitico
815 5314 915 5384 populu
966 5327 1091 5388 ternpore
1113 5323 1299 5386 congregatas.
1322 5314 1355 5371 Et
1382 5328 1416 5371 ne
1434 5312 1460 5370 in
1475 5313 1652 5384 praeseutiltus
1676 5314 1761 5371 relttxs

126 5421 231 5467 constat
243 5426 304 5468 esse
319 5424 488 5468 conoessum.
967 5411 1101 5465 ltaerereut
1111 5407 1192 5463 corda
1208 5408 1371 5474 morutium,
1382 5407 1469 5464 intulit
1479 5406 1625 5477 spiritualia
1636 5405 1720 5472 bona,
1732 5418 1761 5463 nt

163 5504 237 5560 llers.
262 5503 307 5561 tlt.
332 5502 464 5559 Petierunt
490 5519 594 5570 corner,
610 5510 633 5555 et
656 5501 724 5555 uenit
738 5502 875 5567 coturnis,
890 5509 914 5554 et
966 5502 1023 5572 ejus
1034 5500 1149 5557 debeant
1161 5508 1186 5555 et
1197 5499 1279 5573 359
1289 5500 1427 5571 requirere
1437 5505 1465 5557 et
1475 5497 1757 5574 custodiremsudats,

125 5609 191 5657 urire
203 5599 258 5653 ruli
272 5599 395 5653 saturavit
408 5613 459 5653 eor.
474 5596 580 5653 intuere
597 5592 820 5668 quemadmodum
835 5605 914 5663 supe·
966 5608 999 5650 ne
1012 5602 1114 5649 tantum
1131 5591 1157 5647 iu
1169 5591 1221 5648 illis
1235 5605 1312 5664 spem
1328 5592 1473 5660 liabereut;
1488 5605 1548 5662 quse
1561 5587 1586 5645 si
1601 5590 1633 5645 ad
1648 5599 1758 5663 tempus
