3794 6128
124 207 173 262 llil
582 239 588 243 -
749 195 784 250 u.
805 189 944 249 nuttuttt
964 188 1161 246 casstuuuttt
1714 183 1766 239 ‘dil

127 332 183 372 sas.
198 316 322 389 Nttnqttld
345 314 377 370 ad
393 311 550 383 imperium,
566 320 619 364 uon
642 307 675 362 ad
696 305 855 378 obsequium
871 304 919 359 ists
935 302 1042 364 Artium
1060 304 1086 357 itt
1109 301 1231 357 taculum
1254 300 1430 356 misericordia
1456 303 1525 374 ejus.
1547 298 1576 355 Ιιι
1598 303 1650 354 ltuc
1678 314 1770 370 remu,

128 423 192 468 suttt
206 409 332 467 corritital
346 407 411 462 llam
423 404 487 473 ostiu
502 403 612 457 Creator
625 410 731 470 speret,
750 399 773 453 sl
786 399 858 452 vitas
873 396 922 449 lto·
973 395 1097 463 quondam
1113 394 1243 472 repetitus
1258 403 1309 456 est,
1324 392 1457 463 expositio
1469 392 1594 461 superios
1612 391 1687 447 dieta
1707 391 1766 447 sul·

128 507 229 559 mittum
250 500 336 557 stellis
364 496 514 567 transigere
539 491 728 563 permisisset?
754 490 850 546 llerito
874 502 922 543 tos
975 487 1058 539 liciat·

128 594 271 664 repudians
295 590 344 659 ipsi
358 601 464 657 natoque
488 583 657 653 pbilosopbi,
672 581 717 652 uui
732 587 923 649 tautam'ptttc-
1016 578 1093 632 vers.
1117 574 1159 630 ts.
1183 573 1363 642 pererrauit
1391 570 1554 626 Pharaonem
1581 580 1605 625 et
1631 569 1772 625 exeratur·

128 695 226 741 statera
249 680 401 737 visibilibus
415 679 495 732 rebus
509 677 598 731 inesse
612 676 714 740 dicitis,
739 683 769 730 ιιι
782 672 923 729 arbitrium
976 670 1069 735 sinain
1085 683 1156 720 orare
1181 665 1308 733 linirent,
1338 663 1498 735 paoniamirr
1523 657 1649 716 maelein
1672 659 1773 713 mirari·

132 774 235 831 tollatis
256 772 377 841 ducturi.
394 770 476 823 baritis
489 780 579 822 autern
593 784 624 821 es
638 767 761 822 bisaltas
775 765 924 835 spiritualis
977 763 1068 817 cardia
1085 761 1152 830 eim.
1170 758 1309 814 Diabolum
1324 770 1385 811 rum
1399 753 1528 810 ministrs
1543 754 1598 809 suis
1623 755 1651 807 in
1673 748 1773 806 iontem

130 877 226 921 sensus
241 862 372 932 aperitur.
389 859 488 913 brenam
501 858 612 914 ltrrsitsn
632 858 780 912 uaelesiun
795 856 925 912 debemus
976 855 1071 913 salutis
1096 854 1207 923 excutit,
1232 850 1350 932 putando
1364 865 1412 906 eus
1436 866 1450 904 a
1467 847 1543 905 nabis
1569 848 1700 918 potentiae
1719 861 1774 901 suas

130 953 371 1024 accipere3stellas
384 951 506 1005 diverses
517 949 576 1019 ejus
589 948 700 1003 ordines
713 950 858 1002 sanctitate
868 947 925 1016 pol·
976 947 1077 1003 virtute
1103 945 1257 1028 removerit.
1285 941 1389 997 discutit
1413 947 1502 996 autem
1527 940 1618 1007 dixit,
1646 948 1774 1011 tarrqosur

131 1046 229 1108 lentes,
246 1054 274 1097 ut
288 1050 352 1098 sunt
362 1042 494 1110 episcop,
508 1040 674 1111 presbytori,
688 1040 804 1103 tlraeoni,
816 1037 926 1092 subdia·
976 1038 1115 1110 pulverem
1131 1034 1255 1107 projicit,
1272 1042 1301 1088 nt
1315 1034 1348 1089 de
1362 1034 1412 1088 ltac
1436 1032 1576 1088 eeleritate
1599 1040 1629 1086 et
1647 1030 1778 1104 virtutem

131 1134 193 1189 curri
218 1145 245 1189 et
269 1131 359 1187 caeteri
381 1132 427 1199 otti
448 1131 629 1184 velat-stellae
650 1130 754 1185 eseiasti
780 1139 947 1183 nuscuntur·
976 1126 1123 1183 divinitatis
1136 1122 1302 1192 ostenderet,
1318 1132 1345 1178 et
1366 1123 1425 1178 illos
1448 1132 1570 1179 terrenas
1590 1119 1688 1177 sordes
1712 1134 1774 1177 esse

131 1224 340 1281 convocatione
354 1223 470 1277 radiare.
486 1221 548 1277 ttae
558 1222 647 1276 orttnis
660 1222 688 1274 in
699 1229 822 1290 potestate
834 1218 926 1285 nactis,
979 1223 1155 1276 monstraret.

133 1318 160 1371 id
175 1327 217 1373 est
231 1315 259 1370 in
273 1314 363 1371 aaran
379 1313 456 1368 istius
470 1312 589 1369 tenebris
601 1312 663 1366 data
678 1319 755 1379 sunt,
769 1318 800 1365 nt
812 1324 861 1380 per
880 1324 928 1366 eos
1014 1312 1091 1369 Vers.
1117 1309 1160 1366 tu.
1184 1308 1236 1377 Qui
1256 1306 1403 1363 transduxit
1427 1304 1552 1378 populum
1575 1320 1653 1361 reem
1671 1320 1719 1375 per
1732 1304 1777 1359 de·

131 1408 280 1478 caliginosa
294 1406 431 1461 reluceant
442 1403 525 1458 surde
539 1403 703 1457 mortalium·
978 1413 1084 1472 sertum,
1099 1401 1221 1473 quoniam
1235 1401 1262 1456 itt
1284 1400 1406 1455 tuomum
1424 1398 1601 1455 misericordia
1628 1399 1698 1470 ejus.
1725 1397 1774 1452 ue

169 1499 246 1554 lere.
257 1497 299 1552 10.
309 1496 361 1561 Qui
367 1496 490 1566 peraruit
498 1493 641 1565 AEppptum
647 1508 705 1547 ιιιιι
711 1492 927 1566 primitivislmss.
979 1496 1114 1552 desertum
1126 1507 1174 1547 nos
1183 1491 1291 1556 traicit,
1304 1506 1339 1561 qu
1349 1490 1410 1546 rodi
1417 1505 1468 1560 per
1481 1489 1532 1544 hoo
1544 1489 1675 1547 secutam
1692 1499 1766 1544 trans

119 1638 123 1646 .
136 1591 180 1656 1.,
193 1590 234 1655 ll„
252 1587 294 1647 l'..
314 1583 503 1659 primajeaitis]
518 1602 616 1653 eorum,
628 1586 750 1655 quoniam
762 1586 789 1638 itt
808 1584 930 1639 suculam
980 1589 1020 1645 ire
1044 1588 1107 1643 iaeit
1130 1588 1245 1652 illaesos;
1261 1586 1310 1641 suli
1322 1586 1393 1641 enlm
1406 1585 1522 1641 eradunt
1533 1583 1577 1655 qui
1593 1583 1686 1639 tttuudi
1704 1585 1777 1639 isum

133 1683 310 1740 ariaricordio
321 1681 388 1750 ejus.
401 1680 535 1733 llaetenns
545 1680 613 1734 diets
624 1687 756 1749 suntqnae
767 1692 850 1748 perse
860 1692 930 1733 crea·
945 1682 1052 1755 Bmala
1067 1687 1263 1753 pertranseunt.
1279 1679 1410 1735 t'mternm
1424 1677 1468 1750 qui
1488 1678 1514 1732 in
1531 1677 1590 1734 istis
1606 1675 1728 1740 basem.
1743 1676 1776 1731 ad

136 1776 203 1827 serit
214 1781 305 1826 sanam
322 1771 463 1836 Divinitas,
476 1786 546 1826 nnnc
557 1771 583 1824 in
594 1772 710 1826 securtda
723 1779 799 1839 parte
810 1768 929 1825 reierun·
982 1770 1091 1841 premia
1104 1770 1192 1824 divina
1207 1784 1261 1824 non
1276 1769 1406 1839 pervenit.
1425 1770 1550 1825 Desertus
1563 1767 1638 1824 enlm
1651 1769 1716 1823 ideo
1736 1767 1777 1823 di·

135 1861 930 1933 turrptaliainrnunduperangelosservosquesuaspietatls
982 1861 1051 1915 citur
1075 1858 1199 1924 mundus,
1224 1860 1285 1927 ania
1308 1858 1396 1914 diviua
1425 1858 1559 1915 electione
1584 1859 1719 1931 privatus.
1746 1858 1779 1915 tu

134 1953 173 2009 ali
187 1955 262 2008 erit.
278 1951 507 2018 Quoduodeeima
520 1949 929 2020 estaperiesdeunttiontsrpmm
983 1952 1079 2007 merito
1089 1954 1128 2007 sic
1143 1961 1262 2016 errentur,
1277 1950 1337 2020 atria
1350 1949 1383 2005 ad
1397 1966 1426 2005 se
1440 1949 1593 2006 venientem
1605 1965 1659 2007 uun
1674 1951 1780 2021 recepit

137 2042 221 2097 Gtmei
243 2043 299 2099 κατ’
313 2040 423 2107 ἔπαινον,
447 2038 533 2096 latini
557 2054 605 2111 per
629 2040 734 2095 laudem
750 2039 853 2094 dicunt.
869 2039 931 2095 llaec
985 2046 1138 2099 tortorem.

139 2152 186 2204 pet·
200 2137 249 2189 tius
262 2132 403 2188 dundortru
426 2144 519 2188 versut
533 2139 633 2198 tracta,
647 2139 786 2204 permanet
800 2145 884 2202 usque
898 2129 932 2185 ad
1021 2133 1101 2189 lert.
1119 2133 1163 2190 17.
1186 2132 1237 2201 Qui
1257 2133 1345 2188 eduait
1367 2150 1460 2204 opstant
1475 2135 1505 2188 de
1528 2143 1601 2206 petro
1618 2134 1705 2205 arpis,
1719 2150 1779 2204 pso·

136 2225 311 2281 divisionem.
325 2223 358 2278 Et
370 2225 497 2293 quoniam
513 2222 624 2278 bistoria
647 2232 710 2278 uota
724 2234 780 2290 est,
795 2223 933 2277 rideamus
987 2228 1097 2282 miamin
1111 2225 1233 2282 seculum
1248 2226 1497 2299 misericordiaque.
1516 2225 1610 2282 Edecit
1625 2227 1693 2301 [ms.
1708 2225 1742 2282 G.
1755 2236 1781 2283 et

138 2316 201 2385 quid
218 2316 261 2372 tric
274 2314 452 2385 spiritualiter
466 2315 552 2382 magis
567 2313 653 2383 possit
671 2314 792 2385 intelligi.
823 2314 931 2368 Porrus·
985 2320 1042 2388 sd.,
1072 2317 1151 2393 ejlolt]
1174 2335 1266 2390 aquom
1289 2318 1321 2374 de
1347 2329 1419 2391 petra
1436 2320 1520 2392 rupis,
1546 2320 1657 2390 quando
1676 2319 1780 2375 sterilia

137 2412 173 2467 sit
185 2409 294 2480 AEgypu
308 2409 453 2479 primitius,
465 2407 572 2478 quando
587 2407 680 2464 saculi
704 2409 782 2462 istius
795 2407 934 2462 damnarit
985 2411 1067 2468 eorda
1090 2410 1241 2467 mortalium
1265 2410 1397 2469 salutares
1418 2411 1518 2467 rivulos
1542 2409 1637 2468 iecerit
1658 2410 1780 2482 prolerre

138 2501 264 2571 gloriam,
278 2515 337 2570 qum
351 2499 495 2569 putubatur
518 2513 581 2555 esse
598 2498 749 2569 praecipua
763 2510 825 2552 mm
841 2498 933 2564 lttxns.
986 2504 1182 2575 lacrymarum
1197 2512 1226 2559 nt
1240 2504 1283 2577 qui
1303 2513 1366 2561 sunt
1386 2505 1492 2575 propria
1507 2505 1634 2560 siccitate
1663 2503 1779 2571 steriles,

139 2593 275 2661 superbia,
287 2590 413 2657 avaritia,
429 2591 504 2658 uuest
519 2589 656 2659 pritttitin
667 2597 731 2644 tuni
753 2589 856 2643 muntii.
875 2587 935 2658 ipsu
986 2596 1134 2651 reddantur
1146 2595 1365 2666 divinalsrpitato
1381 2594 1538 2652 manabiles,
1557 2593 1596 2650 De
1615 2605 1691 2662 patra
1705 2597 1774 2665 npb

139 2683 209 2739 enim
225 2684 434 2754 printogenerat
448 2682 582 2751 pssirnus
595 2690 699 2749 venter,
710 2690 737 2737 et
752 2682 824 2736 velut
837 2681 936 2735 charos
987 2688 1020 2743 ad
1036 2688 1154 2744 auxesim
1172 2687 1285 2754 positum
1300 2695 1351 2752 est,
1365 2687 1489 2756 ananiam
1499 2701 1552 2741 noa
1565 2701 1660 2756 parre,
1676 2688 1726 2743 sed
1741 2689 1776 2742 tn·

139 2773 208 2829 tilius
221 2771 403 2844 atttpleetitur,
413 2772 475 2827 dutn
487 2785 578 2827 rerum
589 2772 700 2831 istarum
713 2771 866 2842 rapiditate
878 2785 938 2842 gra·
987 2777 1075 2849 venua
1088 2786 1116 2833 et
1131 2777 1196 2833 dura
1211 2792 1274 2832 saxa
1289 2786 1361 2845 sunt,
1377 2792 1438 2848 qna
1459 2776 1486 2834 itt
1502 2778 1717 2849 magnitudinem
1731 2794 1777 2835 η.

141 2865 250 2917 tnlatnr.
277 2861 340 2917 llaec
354 2860 483 2917 Dotnlmts
504 2860 652 2930 percussit,
676 2860 938 2932 praeteriremus
989 2866 1029 2936 pis
1042 2866 1188 2936 erigamur.

140 2973 196 3012 snm
209 2955 356 3011 divinitatis
376 2953 500 3010 exclusit.
518 2954 622 3011 uortaa
647 2955 720 3010 euim
738 2953 831 3023 issent
845 2966 937 3023 qttma
1029 2956 1104 3011 l'ers.
1121 2956 1165 3013 ts.
1191 2956 1242 3025 Qut
1262 2956 1385 3026 percvss‘t
1398 2973 1468 3033 repes
1487 2973 1608 3029 mopsos,
1623 2960 1778 3027 amnionis

142 3055 203 3105 rita.
218 3051 336 3104 duetore
349 3047 474 3102 submota
489 3055 561 3101 sunt.
953 3050 1114 3147 Graculum
1129 3050 1304 3104 misericordia
1325 3050 1390 3119 ejus.
1415 3048 1531 3105 Percutlt
1559 3065 1638 3120 reges
1664 3065 1775 3121 magnos

179 3142 253 3195 l’rrs.
273 3140 316 3195 ll.
329 3139 380 3206 Qui
393 3135 861 3209 euadttrrartperuedtumeorsu.
874 3151 938 3200 «1110-
993 3140 1102 3211 qttando
1129 3142 1155 3195 in
1175 3141 1257 3196 eorde
1284 3150 1376 3197 nostro
1399 3139 1480 3212 lutpla
1505 3140 1638 3198 desideria
1667 3143 1780 3199 aetram

142 3234 210 3286 nirrm
226 3232 251 3285 in
262 3232 383 3286 roratum
398 3229 653 3302 misericordiosius.
664 3227 716 3285 Pet
726 3228 843 3285 medium
856 3228 940 3298 Αἰκι-
990 3232 1134 3285 miserator
1147 3229 1314 3285 exstinxerit.
1336 3228 1411 3284 Turre
1426 3229 1496 3284 eulm
1512 3244 1560 3283 nus
1581 3227 1708 3295 sisinnus,
1722 3228 1777 3283 dtrttt

142 3324 257 3395 primurn
272 3321 381 3378 deducit
396 3321 494 3387 lsrael,
509 3321 617 3392 quando
631 3329 741 3378 sauctus
761 3336 825 3376 suos
845 3334 939 3375 acon·
991 3321 1035 3375 illu
1050 3319 1215 3387 morientum
1235 3330 1262 3376 et
1285 3334 1336 3375 eon
1351 3319 1419 3376 raria
1446 3328 1645 3376 sortcnecesse
1672 3330 1716 3377 est
1737 3336 1778 3379 not

144 3414 296 3471 versatione
318 3412 416 3469 liberat
440 3413 637 3482 pessimarum,
661 3422 689 3468 ot
711 3426 727 3466 a
748 3413 838 3466 mnndi
865 3413 940 3469 istitts
991 3413 1164 3476 raritatem,
1181 3411 1204 3466 sl
1217 3410 1353 3479 instringat
1367 3411 1412 3466 tlla
1427 3424 1565 3480 superare.

146 3506 310 3562 habitatione
323 3505 460 3562 teterrima
477 3504 505 3561 itt
520 3504 607 3561 locem
619 3518 675 3561 suas
688 3505 809 3560 veritatis
820 3503 938 3561 adducit.
1029 3502 1103 3560 lert.
1124 3503 1168 3560 tu.
1189 3502 1222 3558 Et
1244 3502 1336 3558 occidit
1353 3519 1424 3574 repes
1445 3504 1532 3572 sorus,
1546 3519 1582 3574 qu
1599 3504 1670 3558 mom
1691 3505 1720 3560 ia
1734 3520 1778 3560 se·

168 3595 256 3667 llere.
278 3596 321 3651 ld.
347 3593 380 3651 ln
400 3613 477 3651 manu
496 3596 558 3667 [arti
579 3595 667 3668 [mss.
691 3596 743 3661 A..
758 3594 800 3659 u..
818 3592 940 3666 potenti]
991 3598 1079 3653 culum
1092 3597 1267 3652 misericordia
1281 3599 1347 3669 eius.
1362 3595 1450 3668 llepes
1466 3596 1779 3665 lartesoecitlit,ousndo

132 3698 167 3743 «et
180 3688 283 3743 brocltio
302 3686 552 3757 acrimoniarum
574 3687 601 3741 iu
621 3685 746 3741 seculum
766 3683 940 3740 misericordia
991 3701 1007 3740 a
1023 3687 1099 3743 nubis
1113 3686 1224 3757 expellit
1233 3686 1376 3753 damonia,
1391 3686 1464 3744 varis
1479 3687 1650 3746 immissione
1663 3704 1780 3763 grassae

144 3785 209 3850 eius.
223 3780 315 3836 dianus
327 3781 453 3852 sortis,ad
466 3780 647 3835 invincibilem
665 3780 780 3846 pertinet
791 3779 939 3841 actionem
992 3783 1043 3848 ιὶις
1058 3796 1173 3852 quorum
1186 3780 1309 3837 voluntas
1331 3795 1445 3851 nequam
1461 3789 1524 3837 tuae
1544 3783 1740 3853 exstinguitur,
1761 3789 1781 3843 si

146 3873 277 3928 arretium
292 3871 430 3949 murum,
446 3871 479 3927 ad
490 3869 710 3942 omnipotentiam
726 3868 831 3925 bomini
850 3869 941 3936 sinsu-
991 3873 1219 3928 duellumanimn
1234 3873 1268 3929 ab
1293 3886 1386 3929 eorum
1415 3882 1545 3943 potestate
1575 3875 1720 3933 tollantur.
1738 3878 1780 3933 tle·

148 3966 242 4020 tarem.
257 3962 345 4021 Fortis
370 3964 441 4018 enim
467 3963 574 4019 aetina
600 3961 709 4017 liraelsio
732 3961 805 4017 venit
822 3959 941 4023 excelsu.
995 3964 1200 4033 uidebamus,
1216 3963 1295 4033 lartea
1313 3980 1399 4037 repes,
1420 3972 1449 4020 ut
1470 3963 1568 4020 liberes
1590 3980 1688 4023 sersus
1703 3968 1782 4027 buni-

148 4055 272 4123 tptrtrnlnnt
298 4052 409 4110 elleetus
436 4068 525 4110 rcrtnn
549 4068 626 4107 suurn
648 4051 816 4106 demonstret
835 4064 942 4118 semper
994 4058 1033 4111 les
1050 4073 1058 4110 ι
1073 4055 1148 4125 eripe
1161 4055 1210 4110 tint
1231 4053 1355 4123 devotos,
1377 4068 1412 4111 ne
1439 4054 1484 4112 dle
1509 4054 1726 4118 nefandissimus
1744 4074 1782 4115 eat

149 4155 300 4201 annotarem.
992 4150 1042 4206 sibi
1058 4149 1137 4204 iaciat
1155 4160 1217 4203 esse
1231 4144 1376 4217 sultjeetos.

183 4238 259 4296 Vere.
281 4239 322 4295 15.
341 4238 392 4305 Qui
410 4237 495 4292 diuisit
521 4253 592 4290 ntore
609 4237 724 4291 uanum
745 4237 772 4291 itt
792 4237 940 4302 diolriuttes,
1029 4240 1107 4298 Vere.
1134 4239 1180 4296 su.
1213 4239 1300 4297 Seiron
1323 4255 1409 4311 sepem
1427 4240 1649 4311 dmorrlroeoruat,
1676 4241 1780 4309 aarum

145 4331 267 4401 quoniam
280 4331 306 4382 in
321 4329 442 4383 roratum
460 4329 635 4383 misericorder
650 4332 715 4401 ejus.
733 4328 833 4384 Priscu
850 4339 942 4385 aurto·
992 4336 1018 4389 in
1045 4331 1167 4388 amalum
1184 4331 1359 4386 misericordia
1372 4332 1438 4400 eius.
1462 4330 1514 4385 lsm
1531 4332 1643 4402 quidem
1666 4330 1693 4386 in
1713 4342 1781 4396 sapu-

147 4420 233 4476 ritatis
248 4418 298 4474 viri
309 4435 378 4473 more
393 4418 508 4473 datorum
523 4421 549 4473 in
564 4420 705 4475 duodecim
718 4420 854 4476 divisiones
866 4421 942 4478 dise·
955 4458 980 4519 D
994 4427 1064 4480 riore
1071 4423 1174 4496 psalmo
1185 4421 1239 4493 lam
1252 4421 1375 4477 ridentur
1389 4420 1520 4490 erpnslta,
1539 4436 1600 4491 qum
1613 4436 1669 4476 nort
1682 4415 1781 4491 ,pigebit

150 4519 213 4566 rtmt
225 4524 285 4565 esse
299 4510 438 4579 partitum,
454 4523 569 4580 qualitas
583 4511 784 4566 tribusconstat
798 4512 881 4569 luisse
894 4513 942 4568 lu·
996 4525 1134 4586 repetere,
1148 4512 1255 4583 quando
1276 4527 1307 4566 aa
1329 4520 1420 4568 sancta
1445 4511 1592 4567 attetorltas
1617 4512 1653 4567 ad
1678 4512 1780 4568 saluum

148 4603 277 4655 drumm.
295 4600 322 4656 ln
337 4615 370 4655 eo
385 4600 455 4655 enim
470 4601 512 4655 lie
527 4602 622 4670 plurali
639 4616 751 4656 numero
762 4603 878 4670 positum
889 4613 941 4669 est,
997 4616 1115 4662 nostram
1131 4603 1259 4675 probatur
1281 4603 1405 4658 iterasse.
1422 4601 1509 4659 Seltou
1531 4602 1640 4672 attidem
1656 4603 1780 4672 interpre-

148 4693 335 4759 indiuiduam,
351 4708 384 4748 nc
399 4702 553 4763 putaremus
566 4709 636 4749 orare
651 4692 767 4748 dlubrum
781 4709 835 4751 unu
847 4696 943 4752 itinere
997 4707 1069 4752 tatus
1088 4707 1129 4752 est
1143 4694 1255 4749 tentatio
1276 4694 1410 4759 colorum,
1425 4694 1504 4748 aliter
1524 4706 1590 4748 vero
1602 4693 1687 4749 arbor
1708 4694 1781 4749 iniat·

152 4784 235 4842 tuisse
260 4785 459 4840 transmissum.
481 4784 535 4839 Sed
550 4793 639 4852 potest
662 4783 714 4841 boe
727 4794 756 4841 et
769 4786 943 4856 spiritualiter
997 4800 1108 4852 ctuosa;
1124 4785 1295 4841 Amorrltoeas
1307 4784 1557 4854 exacerbationem
1573 4800 1635 4856 qttre
1652 4786 1782 4842 omniari·

151 4886 330 4949 congruenter
343 4877 461 4933 adverti.
479 4877 594 4932 linirem
606 4890 731 4935 moreest
755 4881 846 4936 saettli
865 4880 942 4938 istius
998 4887 1095 4943 dentur
1118 4886 1150 4941 ad
1164 4885 1298 4940 dialrniurn
1321 4883 1471 4954 pertinere;
1497 4884 1555 4953 ipse
1569 4892 1612 4941 est
1626 4881 1784 4941 eaimarbur

150 4970 280 5039 permixta
293 4968 470 5040 profunditas,
480 4985 559 5040 aptam
571 4971 943 5029 ntultisditisionibustrans·
996 4977 1181 5042 tntrnetooso,
1211 4974 1268 5042 ipre
1292 4973 1471 5030 exacerbatio.
1500 4974 1553 5030 Sed
1578 4974 1639 5031 baee
1659 4977 1689 5033 ia
1713 4977 1786 5033 uouit

149 5061 237 5126 irum,
252 5060 360 5132 quando
372 5061 496 5117 conversi
525 5062 557 5116 ad
574 5071 673 5118 terram
696 5063 842 5119 virentium
861 5063 942 5136 1063
997 5065 1123 5122 Dominus
1138 5063 1246 5129 occidit,
1260 5065 1366 5135 quando
1381 5065 1474 5120 nosad
1487 5063 1610 5122 instituta
1623 5082 1674 5124 sua
1686 5082 1787 5125 marum

150 5151 258 5208 Dorrtiol
272 5167 383 5209 matters
398 5151 568 5210 destinamus.
581 5154 658 5211 Alter
671 5154 744 5211 enim
767 5170 816 5225 per
828 5155 944 5210 eleemo-
996 5156 1137 5212 sanctitate
1151 5156 1315 5225 perduxerit.

148 5258 240 5320 syres,
260 5244 328 5299 alter
349 5258 396 5314 per
411 5243 546 5301 assiduam
560 5245 798 5316 supplicationem,
810 5244 880 5300 alter
893 5261 942 5317 per
1034 5246 1110 5303 llers.
1122 5246 1168 5302 st.
1188 5244 1224 5301 tu
1238 5247 1277 5319 Op
1292 5262 1376 5320 repam
1392 5246 1491 5318 Ratun,
1517 5250 1641 5319 antoniam
1665 5252 1693 5309 ie
1707 5268 1787 5311 sere·

150 5333 339 5404 virginitatem,
354 5339 423 5391 alter
434 5349 482 5403 per
502 5336 755 5391 excellentissimam
770 5337 940 5393 alteritatem.
994 5339 1047 5391 lum
1060 5337 1234 5392 misericordia
1255 5340 1321 5412 rius.
1344 5338 1384 5411 ⁰9
1403 5341 1598 5413 interpretatur
1612 5358 1786 5416 eviscerrsns,

147 5423 192 5480 Sia
204 5426 295 5481 ttrrrltis
307 5424 483 5483 divisionibus
499 5441 547 5494 per
559 5426 651 5483 saeettli
667 5426 748 5498 ltttjus
760 5441 836 5482 mare
851 5436 941 5483 treas·
997 5427 1083 5482 basan
1098 5428 1231 5483 cottiusio.
1251 5428 1303 5498 Qui
1318 5432 1391 5486 enim
1406 5441 1547 5488 cuaeerrat
1561 5446 1672 5503 peecata
1689 5450 1791 5507 nostra,

148 5513 200 5568 itur
215 5515 248 5569 ad
264 5515 418 5572 bominum.
993 5520 1116 5577 nltsolttte
1126 5523 1247 5580 diabolus
1258 5534 1309 5580 est.
1326 5524 1386 5595 lpse
1396 5527 1477 5582 etiam
1494 5537 1569 5583 reete
1584 5529 1686 5585 dieitur
1698 5530 1791 5589 conlu-

183 5602 262 5660 l'ers.
279 5607 319 5662 tt.
342 5602 375 5660 Et
389 5606 477 5661 eduxit
494 5602 579 5662 lsrael
598 5610 768 5677 permeditans
788 5609 855 5678 risit,
876 5626 941 5679 quo·
994 5613 1045 5678 sio,
1060 5616 1185 5684 quioniam
1202 5625 1226 5671 et
1242 5630 1370 5676 scrutares
1388 5633 1452 5673 snos
1466 5617 1661 5690 condonasset
1676 5624 1733 5694 ipse
1754 5622 1789 5678 tle
