3802 6120
126 297 196 356 itte

649 296 913 352 cuttrtttxttives
935 295 966 350 lb·
986 295 1232 352 dubitabilibus.

1694 297 1762 353 titt

124 415 223 468 aruisse
246 415 418 486 capuensium,
436 413 529 469 lalceiu
546 427 620 467 suain
642 413 713 464 misit
730 413 754 464 iu
771 420 852 474 terra,
873 410 919 463 lio·
935 417 958 473 Α
975 411 1058 464 retiis
1073 410 1208 481 illaquam
1224 409 1325 465 viderat
1339 410 1477 466 sedentem
1490 411 1768 482 suprabestiamquas

124 506 264 575 minesque
289 509 384 576 impios
405 522 509 562 summi
531 505 669 560 celeritate
688 503 834 558 desecavit.
852 501 917 556 item

124 598 236 667 angelus
260 598 355 654 laleeni
377 615 452 652 suani
473 598 544 651 niis't
560 599 586 649 iii
603 606 684 658 terra,
696 596 838 664 bounsipie
850 592 919 662 ejus,

123 690 199 756 tiuasi
222 688 345 744 liuiuines
374 690 476 744 malitia
502 696 711 755 practuiicutes,
735 686 921 739 incunctanter

124 781 261 834 abscidit:
279 783 323 850 qui
344 781 370 835 in
393 781 491 836 luseris
512 781 558 835 liei
582 780 698 834 torculur
719 779 844 844 inmissi,
860 792 921 830 saii-

124 873 204 933 uuiue
221 888 267 937 per
282 874 354 926 inille
369 883 496 927 sescenta
512 872 596 925 stadia
613 870 773 923 maduerunt
785 887 790 920 :
802 868 873 938 quud
887 869 919 921 aii

128 962 266 1031 iupstlcaui
281 965 504 1032 signilleationem
520 980 573 1018 non
589 973 630 1019 est
646 963 754 1016 duliiuni
776 963 919 1028 periinere.

127 1051 232 1106 lidia-e
254 1069 283 1107 se
304 1056 383 1107 etiam
399 1053 481 1109 relect
495 1056 604 1126 angelus
620 1065 733 1122 septeni,
750 1055 878 1106 babentes¹
894 1053 921 1106 iii

126 1151 258 1211 potestate
279 1157 326 1195 sna
348 1143 439 1213 plagas
457 1157 571 1212 septeni,
589 1161 655 1214 quas
677 1143 781 1197 llomini
799 1143 921 1212 indigua-

126 1235 199 1287 tlune
215 1233 301 1287 daturi
325 1245 396 1288 sunt.
418 1235 444 1287 lu
472 1237 538 1290 mavi
556 1250 662 1305 quoque
676 1235 773 1299 vitreo,
787 1235 847 1305 igne
863 1251 923 1302 pcr-

126 1325 220 1389 mitto,
245 1328 352 1380 staliaut
378 1339 521 1398 martyres,
545 1327 589 1397 niti
618 1328 755 1382 victoriam
781 1331 921 1381 :iilrersuui

126 1417 261 1470 «liubulam
281 1420 383 1471 liuiuiui
407 1435 518 1472 nuiuuic
540 1418 717 1486 pcrlceerunt,
736 1419 923 1487 caiiticumipie

129 1507 184 1560 lieu
197 1522 256 1561 eum
272 1525 366 1579 magna
381 1511 542 1565 exultatione
557 1510 713 1565 reddebant.
731 1506 740 1527 '

161 1599 205 1652 22.
223 1629 252 1639 -
270 1617 315 1666 ιν,
331 1602 356 1656 5.
374 1600 407 1654 Ει
423 1610 480 1670 post
499 1601 554 1656 bisc
569 1603 632 1669 uidi,
649 1612 672 1657 et
688 1617 745 1656 eccs
758 1612 874 1673 opertum
887 1612 923 1656 est

127 1694 251 1761 templum
266 1696 424 1749 tubernaculi
439 1697 553 1766 murtprt'i'
567 1694 668 1768 [anp.,
684 1695 842 1750 tabernaculi
852 1695 923 1748 testi-

972 502 1087 556 baliebet
1101 502 1187 568 capita
1202 514 1304 572 septem
1317 512 1345 559 et
1361 518 1462 557 cornua
1476 503 1585 566 decem:
1598 518 1677 572 qnam
1694 516 1765 579 uen5

973 591 1038 645 nulli
1054 591 1088 644 de
1103 591 1222 646 liumana
1245 592 1338 646 volunt
1353 593 1502 662 intelligere
1517 592 1633 657 ciuitate,
1647 609 1706 663 quae
1719 609 1766 648 su-

973 698 1019 751 pra
1043 690 1145 750 septem
1171 693 1275 737 nioutcs
1291 683 1378 746 sedet,
1395 693 1422 736 et
1439 683 1565 736 uinuduni
1580 683 1707 751 singulari
1721 683 1766 737 di-

971 775 1049 830 cione
1066 775 1193 843 possidet.
1211 777 1260 828 stit
1276 776 1308 830 de
1323 774 1466 846 Babylonia
1486 777 1579 829 dicunt
1602 776 1686 846 magis
1704 790 1769 830 esse

973 873 1120 931 narratum,
1139 867 1269 931 positione
1284 869 1352 932 cjiis,
1374 881 1424 921 ieuu
1444 867 1587 932 montibus,
1603 871 1649 922 sed
1666 876 1764 936 prasiu-

973 956 1053 1009 uvidis¹
1068 957 1242 1023 pote-tatibus
1257 958 1438 1013 adsentientes
1448 974 1540 1028 :uuam
1554 959 1616 1014 dicit
1628 975 1644 1013 a
1658 962 1768 1028 populis·

973 1048 1175 1116 conterendam,
1191 1052 1287 1118 quilius
1304 1051 1378 1120 prius
1392 1053 1525 1106 dominun
1540 1067 1599 1108 usse
1615 1053 1763 1108 ridebatur.

974 1138 1064 1193 llelcit
1084 1145 1164 1193 ctiam
1188 1142 1280 1195 decem
1304 1157 1378 1211 reges
1402 1153 1561 1210 potestatem
1584 1145 1722 1199 babituros
1738 1146 1764 1200 iu

974 1237 1074 1282 terrani
1092 1245 1099 1280 ι
1114 1246 1195 1282 unum
1217 1246 1281 1284 vero
1302 1246 1406 1293 eorum,
1430 1234 1473 1302 qui
1499 1244 1608 1288 vocatur
1632 1236 1771 1291 Antichri-

973 1330 1040 1381 stus,
1055 1321 1080 1372 iii
1093 1320 1144 1374 line
1156 1322 1245 1374 szeculi
1256 1323 1457 1390 reservandum,
1469 1327 1513 1393 qui
1525 1335 1618 1379 cintia
1629 1326 1764 1382 Christum

974 1409 1072 1464 bellum
1089 1412 1195 1479 uiridem
1219 1428 1314 1481 parare
1333 1414 1460 1483 disponit,
1481 1417 1527 1471 sed
1551 1417 1676 1488 iniqnitas
1696 1419 1765 1489 ejus,

978 1499 1090 1554 lliituino
1104 1504 1237 1564 viiitetite,
1251 1503 1413 1558 subcumbit.

1008 1591 1054 1645 dd.
1064 1622 1097 1632 -
1105 1608 1177 1658 aviii,
1188 1594 1212 1645 l.
1227 1591 1288 1646 Post
1298 1595 1349 1647 uidi
1359 1594 1440 1648 olisius
1450 1597 1767 1667 aupcliimdeiceudeoteiu

974 1683 1008 1735 de
1026 1683 1100 1747 ciclo,
1124 1683 1255 1738 linientem
1280 1696 1428 1755 potestatem
1447 1705 1574 1761 umquam.
1600 1691 1668 1745 Vidit
1685 1696 1765 1747 etiam

128 1783 217 1856 monis]
241 1787 267 1839 5„
290 1787 362 1840 wi,
386 1787 487 1855 ,spem
508 1789 608 1853 mmm„
623 1789 667 1841 ui„
689 1798 820 1858 martyres
835 1796 921 1852 esan„
940 1775 1098 1843 nangelum
1112 1776 1193 1830 alium
1208 1778 1233 1830 in
1248 1786 1317 1832 terra
1332 1779 1550 1847 descendentem,
1566 1785 1644 1851 cuins
1658 1784 1767 1840 claritas

127 1884 229 1943 septem
246 1891 274 1929 se
289 1878 399 1947 angelos
413 1877 512 1932 vidisse
527 1877 601 1942 dicit,
620 1878 737 1933 serentes
754 1879 845 1948 plagas
857 1892 923 1947 quas

128 1965 214 2019 ilaturi
230 1976 305 2020 erant
321 1967 418 2036 piputo
437 1967 561 2023 videlicet
579 1967 696 2028 iuddeli;
714 1975 742 2021 et
761 1966 846 2021 induti
860 1981 923 2020 ean-

128 2054 197 2108 didis
214 2056 342 2120 vestibus,
358 2056 487 2124 zonisque
499 2061 589 2112 aureis
604 2058 674 2113 cirea
687 2068 793 2126 pectora
809 2059 922 2125 praecin-

131 2149 178 2211 cti,
194 2159 296 2217 septum
314 2148 417 2216 pliialas
442 2151 467 2204 in
483 2153 539 2205 suis
555 2151 678 2206 manibus
701 2159 872 2218 acceperuut,
895 2157 924 2202 ut

128 2251 207 2306 supra
236 2250 334 2292 terram
350 2252 375 2293 et
392 2243 418 2294 in
434 2239 587 2296 dominibus
606 2240 728 2296 diversas
747 2240 852 2310 speeies
874 2254 923 2294 nc·

127 2331 281 2384 cessitatem
302 2347 381 2397 supra
398 2348 445 2389 ciis
459 2332 638 2399 ellundercut,
658 2333 714 2402 qui,
735 2331 840 2387 Domini
859 2346 924 2386 voce

127 2428 291 2488 contempta,
304 2422 384 2476 idolis
399 2433 422 2477 et
441 2423 660 2492 perversitatibus
672 2422 837 2478 serviebant.
849 2422 924 2478 Tunc

128 2522 175 2562 ore
195 2521 348 2564 sanctoruni
370 2513 454 2581 gloria
477 2514 583 2568 buni'uii
608 2514 777 2575 cantabatur,
798 2514 924 2583 quoidam

131 2601 315 2666 compensatio
329 2600 407 2671 digna
423 2614 514 2658 secuta
529 2613 582 2659 est.

164 2692 210 2745 ιδ.
228 2708 334 2760 -xvi,
352 2695 378 2747 8.
405 2693 437 2747 Ει
462 2706 567 2764 nivarius
585 2695 692 2766 capeliis
705 2695 795 2760 effudit
809 2694 924 2765 pluuium

131 2795 204 2832 suom
227 2798 305 2852 sapei
326 2782 415 2850 solem,
436 2792 463 2839 et
485 2800 515 2838 ca
539 2800 598 2854 quae
617 2794 774 2854 sequnntur.
796 2786 923 2852 Qiiartns,

128 2874 250 2938 sinimus,
272 2883 374 2941 sextus,
396 2877 526 2945 septimus
546 2879 657 2947 angelus
673 2878 748 2932 lialas
763 2893 829 2947 quas
849 2891 924 2932 acce·

132 2973 226 3030 perant
241 2963 406 3033 elludironi;
422 2976 450 3021 et
465 2967 546 3021 tantis
561 2967 764 3022 necessitatibus
781 2977 850 3022 terra
865 2980 925 3032 per-

130 3071 208 3110 eus=a
230 3064 281 3121 est,
299 3067 326 3111 ut
346 3073 397 3112 vos
423 3058 544 3114 exireta
569 3057 693 3124 Domine,
716 3058 818 3125 diceus,
834 3059 924 3112 Actum

978 1865 1004 1919 in
1025 1876 1080 1920 toto
1095 1867 1160 1921 orbe
1176 1868 1318 1936 lainpavit;
1337 1871 1382 1940 quii
1403 1872 1509 1927 dicebat
1525 1890 1532 1929 :
1551 1872 1657 1940 Cecidit,
1679 1877 1768 1930 cecidit

974 1953 1090 2026 saeptos
1104 1957 1152 2010 illu
1167 1960 1353 2029 potentissime,
1369 1963 1489 2029 quomam
1509 1979 1559 2017 uon
1579 1965 1650 2033 opud
1668 1982 1696 2019 se
1714 1970 1768 2036 for·

974 2046 1059 2097 uicntn
1076 2056 1124 2112 est,
1143 2048 1187 2100 sed
1211 2049 1309 2102 curretis
1327 2050 1442 2118 pentibus
1463 2054 1585 2121 pei‘euiidi
1600 2056 1669 2110 dedit
1683 2073 1774 2111 eseia·-

975 2135 1029 2203 plu.
1043 2136 1101 2190 illia
1121 2152 1228 2207 quoique
1241 2155 1290 2192 voit
1305 2152 1394 2194 secuta
1406 2153 1456 2210 est,
1473 2154 1501 2198 ιιι
1512 2147 1684 2215 congregatio
1698 2147 1770 2203 nde·

974 2226 1037 2281 imm
1060 2229 1094 2282 ali
1117 2244 1150 2284 ea
1171 2231 1297 2286 celeriter
1310 2247 1342 2286 ex
1353 2241 1414 2297 ret;
1430 2250 1462 2288 ne
1481 2234 1557 2289 tulna
1575 2251 1623 2290 sua
1638 2240 1769 2308 populum

976 2320 1022 2386 qni
1043 2320 1156 2374 Domino
1179 2321 1305 2376 credebat
1323 2322 1481 2379 involveret.
1505 2325 1657 2398 Babyloniae
1677 2339 1764 2400 auteur

975 2411 1111 2466 reddenda
1126 2413 1191 2467 dicit
1204 2428 1265 2469 esse
1280 2415 1404 2484 duplicia,
1420 2431 1479 2486 qivai
1501 2432 1531 2473 se
1551 2421 1683 2488 superbiae
1699 2436 1767 2491 prae·

976 2507 1130 2575 sumptione
1148 2507 1267 2575 iactabat
1283 2522 1290 2560 ι
1306 2518 1368 2563 tnnc
1380 2524 1457 2577 reges
1472 2519 1500 2565 ιι
1521 2521 1685 2568 mercatores
1708 2513 1767 2584 ejus

975 2593 1093 2664 grauiter
1103 2597 1202 2650 delient
1215 2599 1240 2650 in
1254 2598 1358 2652 uindico
1372 2600 1483 2666 aeriis-o
1493 2616 1551 2654 eain
1560 2616 1621 2672 que
1630 2604 1768 2672 possidere

976 2684 1067 2738 niuudi
1083 2685 1152 2739 bona
1167 2687 1339 2755 singulariter
1353 2688 1533 2745 existimabat.

1010 2776 1056 2830 Ἠ.
1070 2807 1105 2816 -
1117 2793 1190 2841 ιιιιι,
1207 2778 1251 2832 ts.
1268 2778 1424 2834 decoctores
1437 2798 1536 2852 quoque
1550 2785 1651 2851 liorum,
1667 2789 1711 2859 qui
1724 2790 1770 2843 di-

975 2867 1037 2920 eitei
1052 2868 1116 2937 sacti
1131 2878 1200 2935 suut,
1219 2870 1250 2922 oli
1265 2886 1295 2924 eo
1314 2872 1389 2943 lonpe
1408 2871 1520 2939 stabunt,
1537 2884 1564 2930 et
1578 2886 1685 2933 caetcra.
1700 2879 1771 2934 Tra·

977 2959 1077 3014 buntur
1098 2961 1186 3016 adime
1201 2962 1282 3017 verba
1299 2964 1446 3019 dolentium
1464 2974 1492 3020 ct
1508 2967 1694 3036 imputantium
1715 2973 1773 3028 Ba·-

977 3050 1103 3122 byloniae,
1116 3052 1186 3122 quod
1207 3053 1241 3106 ita
1263 3054 1352 3109 subito
1376 3066 1527 3126 praepetens
1542 3060 1643 3115 divitiis
1656 3070 1683 3116 et
1697 3063 1771 3120 elata

130 3155 166 3197 est
177 3162 186 3210 ,·
210 3148 353 3216 statiuaque
371 3163 471 3212 neces,
494 3158 523 3203 et
544 3150 681 3204 tonitrua.
706 3158 734 3204 ιι
757 3146 960 3208 ιιιιιιιιοιιιεῦ
978 3151 1109 3211 potestate
1132 3145 1247 3207 c⁰ifl¹ili
1263 3144 1299 3198 ild
1319 3152 1349 3200 ut
1370 3146 1505 3215 pulverem
1526 3163 1605 3218 supra
1619 3151 1706 3218 caelia
1719 3167 1772 3208 sua·

133 3238 219 3290 lacius
235 3247 276 3292 est
291 3240 351 3292 talis
365 3239 450 3306 usualis
461 3253 476 3292 a
487 3240 587 3294 sneulo
599 3255 733 3309 nunquam
748 3251 853 3295 eon-tat
864 3256 923 3295 esse

132 3328 251 3383 ellectus.
265 3329 340 3384 'lime
351 3330 487 3385 civitatem
503 3331 562 3393 lici,
577 3340 604 3385 ut
619 3331 745 3396 arliitror,
759 3330 897 3384 Trinitatis
911 3339 923 3367 ι

130 3419 194 3473 dicit
208 3422 365 3477 credulitate
386 3423 538 3489 tunditaim
555 3435 582 3479 ct
603 3424 775 3495 babyloniam
790 3424 924 3493 recepisse

132 3511 203 3579 ipund
226 3513 251 3566 ei
276 3514 405 3568 lliviuitas
429 3515 491 3568 oliui
513 3515 677 3583 praeparavit
698 3514 809 3578 iulerre,
830 3529 924 3568 omues

132 3612 277 3668 putesiates
302 3613 328 3657 et
350 3602 481 3657 elationes
503 3618 517 3655 a
545 3603 651 3671 propria
679 3618 708 3656 se
731 3603 924 3656 cousuetudine

131 3693 335 3758 siiluueveiunt,
357 3697 463 3761 quando
486 3709 580 3763 inagna
604 3692 735 3762 grandine
759 3695 820 3747 caesi
845 3702 925 3759 ataine

131 3782 234 3849 silleti,
256 3782 378 3838 iulideles
400 3784 541 3839 [loiuiunni
567 3784 753 3852 blasphemare
773 3792 922 3851 coeperuut,

132 3874 194 3926 ilum
215 3883 304 3928 tantus
329 3876 444 3945 impetus
464 3876 523 3946 ejus
545 3884 626 3942 esset,
644 3885 673 3930 ut
693 3890 745 3928 non
769 3875 851 3943 possit
871 3874 925 3928 ullo

132 3966 212 4018 niodo
225 3964 363 4019 sustiueri.

168 4053 213 4108 di.
230 4085 265 4094 -
278 4070 343 4119 xvii,
360 4058 385 4110 l.
403 4055 435 4110 lit
455 4057 519 4111 veuit
534 4073 601 4110 uuus
614 4073 645 4111 ex
660 4065 754 4128 septem
768 4057 867 4129 oupelis
880 4059 925 4109 liu·

133 4141 248 4196 lienibus
263 4146 365 4210 pliinlos
383 4156 488 4216 septem,
503 4154 530 4200 ιι
545 4146 655 4215 reliqua.
679 4146 751 4200 tinus
771 4162 804 4200 cx
824 4146 925 4215 augelis

134 4237 178 4303 qui
210 4238 358 4290 lialiuernnt
378 4239 514 4308 plagarum
535 4237 638 4306 pliialas
666 4248 768 4308 septem
794 4240 925 4304 promitit

133 4328 227 4379 loanni
241 4339 409 4382 ostensurum
425 4345 454 4382 se
468 4333 634 4382 meretricem
651 4329 722 4383 illam
739 4329 923 4398 babylonium,

133 4433 193 4484 iprae
213 4427 268 4471 luto
284 4419 350 4473 urbe
375 4420 474 4471 laniosu
499 4429 540 4474 est
559 4436 565 4472 ι
583 4428 646 4474 tuuc
667 4421 760 4487 spiritu
783 4421 924 4474 translatus

976 3232 1123 3302 irridentes,
1136 3245 1251 3287 amatam
1269 3274 1575 3294 ...........
1596 3240 1715 3310 inpensis
1735 3259 1766 3297 se

975 3320 1102 3392 lacrymis
1117 3323 1299 3387 consolentur,
1329 3326 1504 3398 conversique
1521 3329 1612 3384 dicant
1626 3349 1632 3384 :
1645 3328 1769 3387 Exultute

975 3429 1055 3481 supra
1068 3431 1135 3478 eum,
1150 3401 1248 3477 sancti,
1258 3432 1321 3485 aiios
1335 3427 1466 3488 persecuto
1481 3420 1561 3490 impin
1575 3422 1704 3477 uoluntate
1713 3433 1768 3478 trit·

975 3508 1091 3563 cidonit:
1105 3510 1225 3578 quonium
1240 3511 1342 3579 sanquis
1356 3519 1436 3566 uester
1450 3513 1481 3566 de
1495 3513 1552 3584 ipsu
1566 3515 1666 3568 abunde
1685 3519 1768 3570 noae?-

976 3609 1018 3651 ιιι
1043 3600 1198 3654 uindicatus.
1224 3602 1289 3655 Post
1314 3601 1372 3659 baie
1398 3605 1509 3672 augelus
1535 3607 1643 3662 sustulit
1669 3609 1772 3663 molem

977 3701 1099 3755 magnarii
1123 3690 1321 3758 projectamque
1346 3692 1373 3746 iti
1399 3694 1483 3760 mari,
1510 3695 1578 3750 divit
1604 3696 1766 3767 babylonem

976 3777 1048 3830 illam
1060 3795 1182 3846 magnam
1198 3780 1242 3832 tali
1257 3781 1355 3848 impetu
1369 3795 1429 3836 esse
1442 3798 1578 3851 casuram;
1591 3801 1639 3842 nec
1656 3789 1768 3844 ulterius

976 3867 1076 3922 ibidem
1089 3871 1194 3935 nuptias
1209 3870 1354 3936 iaciendas,
1367 3881 1412 3925 aut
1424 3864 1555 3928 audienda
1570 3889 1677 3945 quoquo
1688 3883 1774 3932 utino

977 3959 1059 4013 vei-lia
1071 3960 1217 4014 laetantium
1229 3978 1235 4012 ι
1249 3963 1438 4030 propterquod
1457 3977 1541 4032 capax
1555 3975 1613 4020 erat
1626 3967 1766 4024 criminum

976 4063 1003 4105 et
1019 4051 1155 4118 cieniplai·
1167 4053 1288 4105 oninium
1307 4051 1424 4121 uiidtuue
1437 4053 1575 4109 vitiamur.

1011 4141 1057 4196 98.
1070 4171 1105 4181 -
1119 4157 1174 4206 ιιι,
1191 4142 1216 4196 l.
1234 4141 1297 4195 Post
1318 4143 1371 4196 ltoeo
1390 4144 1478 4197 cradivi
1495 4147 1569 4215 quusi
1584 4163 1669 4201 uocem
1683 4150 1773 4206 turle-

976 4247 1033 4284 runt
1048 4248 1199 4302 ineptiarum
1216 4232 1243 4285 'iu
1265 4236 1338 4297 ctrlo,
1354 4234 1507 4304 etreliqua.
1523 4235 1665 4306 Postquam
1684 4241 1771 4314 Baby·

979 4325 1056 4377 luniai
1069 4340 1129 4394 quun
1145 4327 1301 4380 dicebantur
1316 4324 1426 4395 impleta
1447 4338 1518 4392 snut,
1536 4341 1701 4397 saiietorum,
1717 4349 1773 4388 au·

978 4417 1108 4484 gelpruui,
1124 4427 1203 4486 atque
1217 4418 1353 4472 seniorum
1368 4420 1487 4474 nmiiiaui
1503 4421 1529 4474 in
1543 4423 1614 4478 coelo
1627 4425 1777 4495 gratulatio

133 4508 237 4575 aspexit
260 4524 341 4576 super
364 4509 476 4564 bestiam
501 4513 641 4565 mulierem
663 4512 812 4577 sedentem,
835 4514 924 4582 byssi),
942 4498 1072 4576 littidss'd
1090 4508 1233 4575 tiruvettii':
1251 4509 1285 4562 ild
1304 4518 1331 4561 ut
1352 4511 1651 4569 ulutanteslieuiiniim
1666 4516 1776 4573 cribris*

134 4612 159 4652 ei
177 4615 302 4667 purpura,
319 4601 484 4669 gemmisque
502 4601 673 4664 decennium
699 4604 725 4654 in
745 4602 823 4670 eujus
846 4617 925 4655 iuauu
978 4599 1100 4665 vocibus,
1125 4609 1257 4664 taniiuam-
1278 4600 1393 4653 tonitrua
1416 4605 1617 4672 concrepantia,
1641 4620 1779 4664 cancrene

135 4699 192 4742 civit
226 4688 348 4755 poriilum
373 4691 552 4744 execrationis
578 4700 605 4744 el
627 4692 761 4756 criminis;
788 4693 813 4745 iu
840 4692 926 4745 lente
980 4691 1104 4753 dilatato,
1127 4693 1170 4759 qui
1192 4690 1344 4758 superbiam
1370 4693 1493 4760 pessimae
1518 4696 1666 4751 meretricis
1689 4698 1776 4766 dignu

136 4795 198 4832 viiio
218 4781 384 4833 scribebatur
401 4798 406 4832 :
423 4779 550 4850 Babylon,
572 4791 653 4835 iiiuler
672 4783 869 4850 foriiicutiouuui
885 4795 925 4834 ro-
979 4781 1028 4834 ulti
1047 4797 1079 4834 ue
1094 4785 1252 4848 prostratim
1267 4782 1397 4836 addentes
1418 4782 1546 4852 hymnum
1570 4786 1775 4850 suavissimum,

135 4872 233 4937 uosque
246 4882 318 4924 terro
333 4871 440 4938 pollutio
456 4870 481 4938 b,
497 4881 524 4927 et
538 4884 594 4926 crat
611 4874 690 4929 etiam
711 4879 840 4942 suiguine
855 4890 924 4926 mar·

136 4973 222 5033 tyrum
238 4963 382 5017 crudeliter
397 4965 482 5028 ebria,
499 4973 526 5019 ιι
540 4967 671 5020 scelerum
687 4969 807 5021 ulieitate
824 4969 924 5034 plenis·

134 5055 199 5106 sima
216 5071 221 5105 :
236 5054 306 5107 rutile
326 5053 473 5109 admiratos
487 5065 529 5111 est
546 5065 598 5110 tam
620 5055 776 5111 deformiter
792 5059 925 5126 eonipeui·

136 5155 188 5198 tani
214 5145 314 5211 sidere,
341 5161 421 5214 uriam
446 5147 534 5200 cuncti
559 5148 692 5203 dominun
720 5151 848 5217 putabam
867 5165 927 5204 esse

137 5249 277 5292 terrarum.

170 5329 215 5380 25.
226 5357 262 5368 -
275 5344 339 5392 tivi,
352 5329 379 5381 t.
392 5328 456 5384 Post
471 5331 524 5384 litsc
546 5331 598 5384 uidi
614 5331 695 5385 alium
718 5333 846 5403 eupolum.
863 5331 929 5386 llio-

137 5429 190 5482 pter
204 5420 265 5486 quid
279 5421 384 5471 uiirntus
400 5435 424 5471 ea
439 5423 470 5474 ⁸?
483 5438 529 5491 epo
545 5421 590 5474 itti·
605 5423 699 5487 dicam,
723 5434 751 5479 el
775 5425 924 5494 sequeutia.

136 5507 295 5564 illuminanti
310 5507 404 5564 ioanni
420 5513 530 5580 augelus
546 5511 735 5582 interpretatur
750 5530 808 5584 nun
823 5517 857 5569 sit
870 5532 926 5570 nie·

173 5694 184 5719 ·
205 5683 242 5737 Ex
258 5699 300 5750 eo,
318 5687 385 5749 lucto
396 5697 432 5738 est
447 5688 534 5741 ciuitas
550 5688 575 5741 iii
591 5698 755 5757 trispastos,
775 5705 846 5746 vers.
860 5691 888 5746 9.

173 5752 187 5793 t
210 5756 282 5826 iulg.
301 5774 306 5811 :
325 5758 473 5829 lipomani
486 5776 495 5812 :
508 5759 621 5828 liubplou
636 5778 739 5830 irruptio,
756 5773 833 5817 iitiidv
844 5763 925 5832 {urui-

977 4875 1038 4940 ‹piia
1055 4873 1184 4925 lloininus
1197 4872 1322 4927 cbristus
1340 4886 1407 4927 cuin-
1421 4888 1519 4942 sponsa
1541 4889 1600 4942 sna,
1617 4876 1642 4930 id
1660 4887 1703 4933 est
1722 4880 1777 4933 Ee-

978 4969 1058 5023 clcsia
1082 4976 1183 5029 sancta,
1205 4964 1364 5032 conjunctus
1382 4976 1434 5021 est.
1455 4967 1529 5021 Titne
1549 4967 1646 5022 luunul
1659 4972 1777 5040 angelus

979 5056 1047 5115 iiiiii
1063 5077 1070 5112 a
1088 5057 1187 5119 imile,
1207 5058 1328 5126 proauiam
1352 5061 1407 5112 lime
1430 5059 1505 5113 uerbo
1532 5058 1578 5113 dea·
1597 5071 1664 5126 snut,
1687 5063 1779 5117 deame

979 5168 1033 5206 esse
1052 5150 1096 5221 qui
1117 5153 1151 5202 ud
1175 5165 1271 5202 carrium
1287 5149 1393 5202 Domini
1412 5161 1545 5206 vorantur.
1563 5150 1616 5226 'Qui
1631 5151 1697 5206 durii
1708 5166 1778 5207 enini

980 5246 1061 5298 vellet
1073 5243 1196 5306 ailuraie,
1213 5243 1363 5310 proliibitus
1381 5251 1423 5297 est
1435 5260 1440 5294 ε
1454 5245 1583 5311 qiiouiani
1602 5244 1663 5297 beni
1684 5247 1777 5314 angeli

980 5353 1032 5392 uon
1047 5350 1077 5390 se
1089 5335 1182 5387 volunt
1193 5333 1313 5398 adorari,
1327 5334 1373 5386 scd
1390 5334 1483 5386 Dcuni.
1496 5332 1571 5388 Tune
1583 5334 1694 5389 elevatis
1707 5349 1774 5388 oen-

979 5425 1012 5478 lls
1028 5424 1094 5477 vidit
1111 5424 1250 5477 Dominum
1265 5423 1401 5475 Christum
1419 5422 1558 5477 sedentem
1575 5437 1653 5491 supra
1671 5438 1776 5496 cquuiu

979 5515 1084 5578 albuiii3
1100 5515 1144 5582 qui
1161 5515 1241 5566 nimis
1264 5512 1379 5566 mirabili
1404 5521 1507 5566 terrere
1528 5512 1698 5584 describitur,
1720 5514 1777 5569 lia·-

979 5694 1108 5749 oatiouum
1120 5702 1143 5746 el
1154 5691 1371 5744 uboui'iintionuui
1385 5701 1469 5745 terroe.

1017 5773 1028 5801 ι
1052 5764 1126 5832 i'nlg.
1142 5779 1148 5816 :
1164 5761 1195 5814 tii
1207 5763 1273 5815 dixit
1284 5762 1347 5814 aiibi
1357 5763 1462 5833 nupcias
1472 5777 1482 5816 .·
1492 5761 1578 5828 Qiiarc
1588 5764 1708 5818 stiracis!
1718 5771 1784 5815 ets..
