3794 6128
82 323 135 383 ttt
548 313 731 374 dxrosttto
752 314 785 372 tri
804 311 1037 372 esutusmttu.
1060 313 1156 372 estu.
1176 313 1261 374 XXV.
1665 314 1718 377 idi

82 437 217 495 veraciter
236 433 405 502 dictumest,
426 432 488 505 quis
504 431 527 488 si
537 443 616 487 caute
631 430 808 497 ambulemus,
829 443 877 499 pe·
891 427 1069 490 Aoderatur.
1093 428 1268 501 subiungitur
1282 444 1361 486 eausa
1377 428 1523 501 probabilis
1541 444 1594 501 qna
1608 429 1719 501 petitio-

81 533 186 602 desque
201 537 310 586 nostros
332 527 497 597 dirigamus,
520 524 545 579 si
567 524 600 579 sd
615 521 757 578 bominum
778 519 877 590 jugiter
930 536 990 578 nem
1013 536 1090 577 suant
1115 522 1241 593 consequi
1266 520 1420 584 debuisset,
1446 522 1573 592 quoniam
1596 523 1721 576 inoocnolt

83 622 179 680 oculos
189 621 340 684 elevemus,
355 618 480 689 quoniam
492 616 537 673 ille
548 622 686 686 respectus
697 612 731 669 ab
741 613 814 667 omni
829 624 879 666 nos
932 614 1085 668 Dominum.
1112 613 1215 668 Revera
1239 628 1291 667 non
1319 622 1438 669 meretur
1460 614 1636 682 erubescere,
1661 627 1721 684 quc

85 713 236 770 offensione
252 709 340 767 reddit
354 710 456 764 utieuos
930 719 1004 773 spem
1017 718 1091 758 suem
1117 701 1287 773 cognoscitur
1311 703 1336 756 in
1363 711 1434 758 tanta
1462 704 1560 769 virtuts
1584 703 1719 773 posuisse.

120 803 201 860 vrrs.
217 801 261 856 15.
277 803 338 858 ιιι.
353 797 461 870 Respice
474 799 501 852 iu
517 814 564 865 tur,
576 807 600 852 et
613 794 801 861 misereremei,
815 806 880 861 quo·
931 792 1019 863 lpsum
1033 793 1105 848 enim
1117 791 1197 863 etegit
1207 791 1335 857 insocore,
1350 793 1395 862 qni
1412 793 1497 848 nescit
1512 793 1556 861 pie
1568 793 1722 863 supplican-

85 901 156 954 uiutts
170 896 263 951 unicus
277 903 301 948 et
319 909 416 965 pauper
434 891 689 962 cuiusquemodi
705 887 754 943 sibi
772 899 880 953 compa·
933 892 972 936 tes
985 880 1110 951 abiicere·

84 994 193 1049 pudone
208 986 363 1056 respondet,
390 988 451 1056 quia
475 985 598 1055 superins
621 983 704 1048 dixit,
730 979 804 1034 Oculi
831 978 881 1032 mei
941 1018 946 1025 .
968 973 1046 1027 Vens.
1057 971 1101 1029 ιθ.
1115 972 1183 1027 Teo.
1204 972 1355 1026 iunocenter
1366 981 1389 1026 et
1401 974 1463 1027 recti
1472 973 1633 1029 edisserunt
1648 974 1722 1041 milri,

85 1097 188 1151 uesper
198 1079 232 1133 sd
243 1077 391 1142 Dotnittum,
401 1090 472 1131 nunc
482 1074 559 1139 dicit,
576 1073 681 1142 Respice
692 1073 718 1126 itt
727 1088 776 1136 nte,
789 1082 882 1143 qnem-
932 1064 1051 1134 queniam
1075 1064 1185 1117 sustinui
1207 1073 1247 1128 te,
1267 1062 1387 1119 Domine.
1415 1061 1588 1132 innocentes,
1612 1066 1719 1133 quidam

85 1173 234 1230 admodum
248 1184 298 1241 eqo
312 1168 339 1223 in
357 1177 394 1234 te,
408 1176 432 1221 et
457 1168 574 1220 miserere
600 1165 660 1218 mei.
683 1164 749 1218 Nam
776 1160 820 1232 qni
848 1160 881 1214 ad
934 1154 1084 1223 intelligunt
1106 1154 1322 1223 parrulossacro
1347 1154 1506 1224 baptismate
1527 1166 1721 1226 regeneratos,

86 1265 165 1321 illum
180 1277 289 1332 semper
303 1260 426 1325 respicit,
441 1257 524 1327 exigit
535 1267 564 1311 ut
583 1272 644 1312 eum
668 1255 811 1309 miset-atus
824 1253 883 1321 ipse
933 1246 977 1317 qui
991 1247 1078 1302 adttnc
1092 1248 1172 1302 nullis
1183 1246 1324 1303 mundanis
1334 1249 1585 1306 conversationibus
1598 1250 1721 1319 polluun-

86 1356 228 1427 sespieiat.
242 1352 353 1409 Addidit
372 1365 480 1421 quoqne
495 1347 688 1404 misericordie
702 1345 882 1415 amplissimas
935 1350 988 1403 tur,
1003 1339 1049 1395 sed
1064 1343 1089 1394 in
1103 1341 1159 1410 ipsa
1170 1341 1312 1396 sanctitate
1327 1348 1477 1409 transeunt,
1491 1356 1571 1412 quam
1587 1341 1723 1412 suscipere

86 1461 198 1510 uuus,
212 1443 319 1515 quaudo
335 1443 426 1496 unicus
436 1443 496 1513 plus
506 1450 622 1505 amatur,
635 1440 813 1510 pauperrimus
825 1437 883 1506 plns
936 1439 1100 1487 meruerunt.
1117 1430 1209 1485 Rectus
1220 1440 1308 1487 autem
1322 1431 1382 1486 illos
1394 1432 1479 1502 accipi
1495 1433 1598 1500 solunt,
1612 1431 1658 1503 qui
1668 1433 1724 1502 istu

87 1523 207 1596 ιιιιυι.
223 1537 300 1606 Quod
321 1537 357 1593 de
379 1550 491 1605 persona
509 1533 656 1589 Christiani
670 1533 760 1604 populi
782 1546 884 1587 conoe·
935 1535 1038 1579 matura
1053 1530 1131 1576 etate
1146 1523 1282 1590 conversi,
1297 1523 1537 1581 ditinomunerea
1554 1532 1724 1594 peccatorum

88 1631 199 1687 aientes
211 1629 277 1684 dicit
290 1627 431 1692 Ecclesia,
448 1626 492 1696 qui
506 1629 596 1680 unicus
612 1632 653 1680 est
667 1624 703 1690 ei,
727 1623 788 1694 quia
810 1624 883 1680 solus
936 1625 998 1672 suut
1013 1615 1114 1686 laqueis
1128 1615 1253 1670 absoluti.
1269 1614 1323 1673 Sed
1339 1631 1399 1673 cunt
1410 1616 1559 1675 dixerimus
1573 1615 1724 1673 Ecclesiam

88 1719 197 1775 veracis
211 1716 273 1773 ddei
294 1723 462 1771 sacramenta
476 1713 603 1770 custodit.
620 1711 742 1784 Pauper,
757 1714 882 1783 quoniam
936 1709 1016 1763 turiis
1032 1707 1170 1762 bominum
1184 1707 1380 1765 moribusesse
1399 1710 1574 1781 completum,
1588 1709 1726 1780 quomode

89 1810 211 1866 emundi
220 1806 358 1865 illecebris
369 1816 536 1877 segregatus,
548 1806 621 1861 nulla
633 1805 725 1861 seculi
737 1804 883 1860 ambitione
901 1805 921 1861 B
937 1799 981 1854 laic
996 1799 1060 1853 dicit
1073 1805 1188 1866 tautum,
1199 1799 1342 1854 iunocenter
1356 1807 1380 1855 et
1394 1802 1455 1855 recti
1469 1802 1631 1856 udltoeseruut
1644 1800 1708 1855 rnilti
1716 1844 1724 1869 ,

89 1899 209 1959 „tenue
221 1908 272 1955 esu,
937 1890 1013 1961 qnasi
1035 1896 1063 1943 et
1085 1889 1145 1944 illos
1160 1904 1213 1945 non
1233 1889 1329 1945 babeat
1354 1891 1502 1960 permixtos
1527 1895 1573 1962 qui
1596 1891 1726 1961 improbis

128 1990 208 2048 vers.
223 1992 266 2046 16.
281 1991 349 2046 Pus.
375 1989 563 2045 Tribulutioues
587 1988 673 2042 cordis
697 1987 746 2040 tttei
771 1986 887 2042 diluturus
938 1980 1058 2035 motibus
1082 1980 1254 2050 polluuntur?
1276 1981 1330 2038 sed
1354 1982 1496 2037 considera
1522 1981 1626 2052 pondus
1649 1981 1726 2038 serbi

90 2095 152 2140 ιιιιι
167 2098 177 2137 .·
192 2083 224 2138 de
245 2080 436 2135 necessitutibus
459 2080 521 2134 meis
546 2079 614 2150 eripe
636 2092 685 2132 ιιι.
708 2078 821 2132 bilatata
845 2084 887 2132 est
938 2075 1031 2143 istius,
1057 2083 1085 2130 ut
1099 2076 1243 2131 innocentes
1264 2085 1288 2131 et
1309 2087 1390 2130 rectos
1410 2077 1547 2132 udltoesiste
1570 2076 1622 2133 sibi
1645 2077 1728 2143 dicat,
1799 2099 1800 2102 ¹

92 2174 225 2233 Ecclesise
234 2174 381 2237 tribulatio,
394 2172 457 2227 dum
468 2172 644 2242 cogitationes
657 2185 720 2225 suas
732 2185 779 2240 per
793 2169 885 2225 mundi
939 2176 1065 2236 tauquam
1080 2168 1118 2223 illi
1132 2167 1230 2223 luerint
1244 2168 1339 2224 sociati
1352 2178 1431 2240 atque
1447 2169 1640 2240 conglutinati,
1654 2170 1727 2241 quod

91 2265 272 2333 calamitates,
299 2264 343 2320 ubi
367 2271 409 2318 est
432 2262 579 2327 seminato,
606 2261 744 2317 distendit.
770 2260 887 2316 Necesse
939 2258 973 2314 ab
989 2271 1101 2331 utraque
1116 2270 1193 2331 perte
1208 2277 1313 2317 morum
1341 2261 1460 2332 probitas
1475 2263 1582 2319 ridetur
1605 2262 1724 2319 edicere.

91 2367 136 2414 est
149 2358 221 2413 enim
237 2363 264 2409 ut
276 2356 386 2423 copioso
399 2353 470 2408 lusce
484 2352 662 2423 deprimatur,
676 2351 721 2420 qui
732 2367 782 2422 pro
793 2350 886 2407 multis
939 2353 1045 2424 Reliqui
1060 2362 1148 2409 autem
1162 2369 1221 2409 curn
1236 2354 1329 2411 labore
1344 2356 1449 2412 tolerati
1464 2363 1526 2410 sunt
1541 2357 1629 2425 potius
1650 2371 1727 2425 quum

92 2449 232 2518 affligitur.
250 2445 288 2500 lie
305 2443 496 2498 necessitutibus
515 2443 586 2498 enim
612 2443 688 2509 dicit,
711 2457 777 2513 ques
792 2458 887 2512 perse·
939 2445 1120 2500 adheserunt.
1135 2445 1329 2502 Sustinuirero
1342 2446 1417 2513 dicit,
1438 2446 1553 2502 viriliter
1568 2463 1645 2518 passa
1669 2462 1728 2503 sum

92 2550 218 2596 cestorum
242 2546 323 2608 stque
344 2536 529 2589 literctieomm
552 2535 702 2604 petiebatur
726 2534 841 2589 insidiis.
855 2533 888 2591 lli
939 2533 966 2590 in
992 2534 1044 2590 boc
1066 2535 1166 2591 mundo
1182 2536 1335 2606 frequentes
1349 2539 1501 2608 angustiam
1526 2538 1574 2593 sed
1596 2554 1647 2593 una
1663 2540 1728 2598 milti

92 2640 159 2687 sunt
179 2630 252 2684 enim
276 2628 322 2698 qui
344 2641 438 2682 necem
462 2625 561 2682 inferre
582 2626 693 2697 cupiunt
715 2626 887 2683 Cbristienis.
940 2624 989 2681 luit
1001 2625 1161 2695 consolatio,
1177 2637 1200 2681 ιι
1215 2625 1353 2682 Dominum
1363 2631 1496 2684 sustinere.
1512 2630 1546 2685 Ει
1560 2630 1663 2701 inspice
1673 2630 1726 2686 rins

93 2724 164 2781 Sues
179 2723 250 2777 enim
269 2730 344 2777 recte
356 2718 462 2774 dicebat
474 2758 482 2786 ,
496 2732 564 2788 quas
582 2718 677 2774 studio·
691 2719 829 2774 citaritatis
843 2734 888 2776 as·
940 2733 1035 2774 versus
1054 2719 1149 2787 istius,
1173 2720 1234 2790 quia
1251 2722 1397 2777 innoeentes
1411 2735 1434 2779 et
1447 2734 1528 2778 rectos
1542 2724 1603 2780 ideo
1618 2725 1669 2781 sibi
1681 2728 1729 2780 od-

93 2818 257 2882 sumpserat.
940 2809 1044 2866 desisse
1061 2810 1136 2880 dicit,
1150 2812 1276 2881 quonium
1298 2814 1418 2868 sustinuit
1439 2814 1597 2883 bominum
1613 2818 1729 2887 alioquin

132 2905 212 2960 Vere.
229 2903 274 2958 li.
288 2901 371 2957 Zeus.
388 2900 453 2956 Vide
466 2901 634 2955 bumilitatem
648 2917 729 2954 meam
741 2911 765 2955 ιι
778 2901 889 2955 laborent
941 2914 993 2956 non
1008 2908 1114 2972 poterat
1127 2900 1195 2957 tales
1208 2916 1314 2969 amare,
1331 2903 1381 2959 nisi
1395 2914 1422 2959 ιι
1436 2905 1493 2976 ipsa
1508 2905 1542 2961 de
1565 2915 1636 2963 tanta
1652 2908 1729 2963 side·

94 3012 199 3057 meum,
220 3003 243 3047 et
258 2994 356 3046 dimitte
369 2992 455 3045 omnia
479 3002 583 3061 percute
608 3009 672 3046 meo.
693 2990 773 3058 Vide,
798 2992 823 3047 id
847 2999 889 3048 esi
941 3004 1015 3050 retur
1032 2995 1158 3051 firmitate
1172 3010 1347 3066 praesutttere.

95 3086 233 3156 propitius
257 3086 372 3155 respice.
401 3083 540 3139 lluntilitus
563 3092 605 3139 est
628 3093 717 3140 autem
742 3086 888 3152 Ecclesiae,
977 3087 1056 3143 Vers.
1069 3086 1115 3140 21.
1131 3071 1238 3143 Redime
1251 3104 1307 3155 me,
1324 3087 1393 3144 Deus
1408 3088 1731 3158 lsrael,ecomnibusun·

95 3177 207 3249 quando
221 3176 434 3245 indisciplinatos
454 3186 482 3230 et
503 3191 599 3245 pravos
621 3174 743 3231 docendo
764 3178 888 3242 sustinet,
903 3163 928 3226 C
943 3179 1033 3250 pestiis
1044 3178 1190 3233 utriscum
1203 3178 1268 3234 dicit
1282 3178 1390 3234 Redime
1404 3197 1453 3250 ιιι,
1467 3182 1610 3240 adrentum
1625 3186 1730 3242 botuns·

95 3278 124 3324 et
140 3267 449 3336 tectusstqnelateutes
463 3252 891 3336 patiturdiuinoreservarijndi·
942 3270 1088 3326 Sa'ratoris
1111 3271 1241 3340 exposcit,
1265 3270 1342 3340 cujus
1364 3273 1493 3343 sanguine
1517 3274 1673 3346 redempte,
1699 3278 1732 3334 de

96 3361 153 3416 cio.
168 3358 254 3412 Labor
276 3359 346 3410 enim
362 3356 447 3426 ipsius
461 3364 519 3422 est,
541 3357 603 3426 quin
619 3356 711 3411 multis
726 3358 890 3427 persecutio·
944 3361 1076 3417 diabolica
1091 3370 1133 3416 est
1146 3361 1301 3432 captivitate
1314 3361 1436 3419 liberata.
1447 3364 1518 3421 Deus
1529 3364 1625 3435 lsrael,
1640 3368 1733 3438 idest,

98 3451 180 3505 nibus
205 3448 342 3517 multaque
366 3447 539 3501 contentione
565 3446 705 3516 fatigatum
731 3456 757 3502 ct
786 3463 893 3518 sempor
944 3454 1014 3508 bens
1040 3463 1065 3508 te
1081 3454 1238 3521 videntium,
1253 3455 1313 3524 quia
1334 3455 1408 3526 ipsos
1431 3472 1524 3514 resera
1546 3470 1637 3530 gratos
1653 3460 1733 3524 babet

98 3554 244 3612 pravorum
258 3538 455 3607 objectionibus
469 3538 616 3605 lacessita,
640 3540 713 3594 nulla
737 3539 892 3608 bicoptatae
943 3546 1040 3615 quibus
1064 3554 1237 3614 conspectum
1262 3560 1317 3601 suu
1341 3549 1575 3618 contemplationis
1601 3550 1731 3622 indulget.

99 3632 175 3702 pue-ts
191 3630 285 3701 sequte
297 3629 470 3697 conquiescit.
488 3630 583 3685 llerito
596 3645 661 3700 ergo
676 3643 735 3700 post
747 3642 818 3686 tantu
832 3647 892 3702 quse
943 3641 1132 3712 subjungendo
1144 3643 1227 3710 enim,
1238 3641 1279 3697 lis
1289 3643 1406 3698 omuibus
1413 3647 1538 3717 anqustiis
1549 3646 1621 3713 ntus,
1636 3646 1735 3703 nullam

100 3722 216 3791 patitur,
233 3721 334 3775 remitti
348 3719 399 3774 sibi
412 3730 519 3791 peecata
535 3723 624 3776 omnia
639 3722 817 3792 deprecatur,
831 3726 891 3794 qnia
945 3735 971 3788 in
987 3748 1016 3789 se
1041 3733 1173 3788 tusculam
1196 3734 1332 3790 desiderat
1354 3735 1480 3802 inveniri,
1502 3738 1630 3807 quonium
1657 3735 1736 3792 aliter

100 3815 153 3884 pise
168 3814 319 3869 tolerantiae
343 3813 503 3869 durissimus
518 3814 593 3870 labor
610 3817 779 3873 clementium
792 3818 892 3889 judicis
944 3824 1053 3880 Christo
1066 3840 1119 3879 non
1136 3830 1225 3893 potest
1238 3825 1362 3895 conjungi
1377 3836 1471 3882 sancta
1482 3842 1590 3897 sponse,
1607 3827 1659 3883 nisi
1673 3826 1733 3883 luc-

100 3919 207 3970 semper
218 3911 366 3974 exspectat.

136 3997 214 4053 less.
242 3996 286 4052 18.
307 3995 372 4053 Rcs.
394 3996 501 4066 Respice
520 3999 636 4054 inimicos
657 4016 745 4067 meos,
771 4002 896 4070 quonium

101 4088 267 4156 multiplicati
279 4095 349 4152 suut,
371 4097 393 4142 et
409 4089 468 4142 odio
481 4089 570 4154 iniquo
581 4090 689 4145 oderunt
701 4106 750 4144 me.
765 4090 892 4160 Dicendo,

102 4181 211 4249 Respice
225 4181 342 4234 inimicos
356 4196 445 4246 meos,
469 4194 517 4249 pro
538 4181 603 4250 ipsis
627 4193 697 4248 orat,
725 4192 754 4236 ut
784 4183 896 4240 redeanl

102 4269 270 4343 [rue.A.,R.,
281 4267 306 4322 F
309 4269 546 4341 .,cred;‹ntl:qtria
562 4287 629 4342 quos
643 4273 688 4328 ille
701 4273 820 4343 respicit,
835 4274 895 4332 sisto

100 4364 231 4417 dilatione
243 4362 386 4425 convertit,
400 4363 469 4416 sicut
483 4361 509 4415 iu
523 4363 668 4432 Evangelio
682 4364 791 4420 Petrum
806 4365 897 4422 Domi·

101 4469 151 4509 nus
164 4453 284 4523 respexit
297 4461 325 4506 ut
339 4451 416 4506 lieret
427 4452 504 4524 (bue.
515 4468 581 4522 surr,
595 4455 652 4524 ott.
665 4455 773 4510 eddidit
784 4472 892 4512 ctusam

944 3918 989 3983 rit,
1004 3922 1033 3968 ut
1044 3913 1145 3969 dictum
1160 3922 1211 3981 cst,
1232 3916 1291 3969 sine
1305 3915 1408 3970 macule
1421 3922 1449 3971 et
1462 3932 1538 3988 ruqa.

1162 4066 1166 4072 -
1213 4028 1348 4084 Conclusio
1366 4031 1468 4102 pssimi.

983 4139 1128 4194 Audiamus
1141 4139 1365 4208 quemadmodum
1378 4138 1464 4193 adbuc
1476 4139 1503 4194 in
1515 4142 1644 4209 anqustiis
1656 4141 1735 4212 bnjns

947 4232 1037 4286 muttdi
1054 4231 1159 4299 posita,
1185 4244 1232 4299 per
1254 4240 1337 4285 totum
1352 4231 1483 4300 psalmum
1507 4232 1540 4286 ad
1563 4232 1735 4288 liberatorem

947 4337 1024 4377 suum
1040 4324 1136 4377 claruet
1157 4324 1290 4389 Ecclesia3
1317 4331 1344 4377 et
1368 4323 1524 4378 desinamus
1550 4323 1737 4382 tribulationes

947 4424 1052 4469 nostras
1064 4414 1232 4482 impatienter
1243 4414 1324 4479 leste,
1336 4429 1397 4469 cunt
1407 4415 1490 4484 ipsum
1504 4426 1617 4471 matrem
1633 4424 1737 4473 constet

101 4557 151 4612 qua
169 4545 259 4609 perire
273 4555 325 4595 nors
339 4539 454 4596 debeant
471 4558 478 4595 ι
496 4542 623 4609 Quottiom
643 4544 807 4616 multiplicati
822 4553 893 4601 suut.
909 4519 997 4599 Dwo
1011 4506 1088 4561 ⁰⁰bi⁸
1100 4507 1156 4577 86
1166 4507 1339 4577 “mmm
1351 4507 1488 4577 ³⁰⁸⁰³¹i³⁸
1508 4507 1650 4563 minem
1665 4507 1734 4563 Μ’

101 4634 180 4689 Peuci
192 4634 266 4687 enim
276 4631 450 4689 crederentur
459 4633 574 4691 lortasse
586 4639 735 4704 contemni,
745 4637 892 4695 multorum

102 4739 164 4780 sero
179 4723 298 4793 perditio
311 4724 369 4779 siue
382 4724 499 4779 merium
510 4724 605 4781 dolore
617 4741 671 4782 non
686 4737 791 4797 poterat
806 4730 889 4785 susti·

102 4815 168 4871 neri.
184 4814 324 4884 Sequitur,
341 4814 401 4882 quis
417 4815 476 4896 odio
497 4817 586 4888 iniquo
601 4819 711 4873 oderunt
730 4835 779 4874 nte.
799 4820 893 4877 Eccle-

102 4905 166 4959 siam
180 4919 278 4960 rerera
292 4905 379 4974 iniquo
393 4905 454 4959 odio
466 4906 591 4974 oderunt,
606 4909 668 4979 quia
682 4909 745 4964 ditm
760 4926 809 4979 pro
824 4912 891 4980 ipsis

102 4999 253 5051 ontionem
269 4994 408 5064 tunderet,
434 4997 472 5052 illl
493 5007 583 5055 tamen
599 5015 658 5055 oum
673 5003 798 5071 persequi
820 5004 894 5059 nulla

102 5087 303 5144 intermissione
320 5089 472 5144 cessabant.
489 5089 523 5145 Et
533 5090 594 5146 ideo
606 5092 708 5147 addidit
719 5094 779 5148 odio
793 5095 893 5165 iniquo,

103 5180 162 5250 qnia
177 5193 240 5234 esse
256 5180 360 5234 ridetur
371 5187 398 5235 et
408 5178 511 5249 iustum
523 5222 531 5247 ,
545 5180 615 5238 sicut
629 5194 657 5238 ct
669 5185 732 5239 illud
751 5203 758 5237 ε
775 5184 894 5256 Perfecto

103 5273 160 5327 edio
172 5271 278 5325 odermtr
290 5268 349 5325 iilos
362 5269 448 5339 (Psul.
463 5286 592 5340 currunt,
607 5273 665 5344 22).

138 5363 218 5421 Vers.
233 5362 277 5418 19.
297 5363 355 5419 Sur.
371 5361 475 5420 Custodi
489 5366 600 5420 ιιιιιιιιι
616 5377 697 5423 meum
711 5380 736 5426 et
750 5372 819 5440 eripe
834 5389 892 5427 ure:

102 5472 153 5513 sstr
162 5458 322 5529 confundor,
333 5459 452 5528 quoniam
464 5458 578 5515 iueocuui
589 5470 621 5515 te.
634 5461 726 5517 Fidem
740 5479 815 5518 suam
828 5469 893 5534 petit

103 5546 225 5603 Ecclesia
238 5548 416 5603 rectissimam
427 5549 565 5614 custodiri,
578 5561 606 5605 ut
619 5561 724 5607 servate
735 5568 750 5606 a
762 5555 894 5609 schisma·

102 5640 176 5707 licis,
191 5640 265 5696 nulls
290 5648 371 5711 queat
397 5642 573 5711 peruersitate
597 5645 742 5711 conlundi,
767 5647 814 5703 scd
835 5649 894 5703 siue

103 5731 211 5791 ascula
231 5739 261 5789 et
280 5745 345 5803 ruqa
364 5732 471 5803 Spottso
484 5747 533 5793 suo
548 5745 642 5793 omata
666 5735 727 5792 lldei
754 5738 894 5794 ruentibus

947 4605 1034 4652 temus
1048 4599 1169 4666 aduersa,
1186 4598 1299 4652 bontino
1309 4596 1433 4667 iurante,
1453 4597 1580 4665 tirilitcr;
1594 4614 1736 4669 speremus

945 4691 978 4745 de
998 4691 1054 4760 ejus
1078 4692 1177 4760 pietate
1192 4698 1364 4757 constanter,
1392 4690 1492 4760 quiesi
1516 4707 1565 4747 nos
1580 4692 1605 4747 in
1622 4691 1736 4762 Spousae

946 4784 1066 4852 partibus
1081 4797 1276 4852 permanemus.
1290 4782 1346 4838 lieo
1361 4782 1503 4852 largiente,
1515 4798 1576 4838 cum
1588 4785 1644 4853 ipsa
1655 4784 1733 4840 simul

946 4874 978 4928 ud
1001 4882 1101 4928 :eterna
1125 4872 1221 4943 putrore
1248 4874 1444 4943 perveniemus.
1469 4875 1603 4930 Numerus
1618 4875 1670 4931 isto
1695 4874 1737 4931 bis

946 4965 1085 5021 duodenus
1109 4966 1235 5036 mysteria
1258 4966 1336 5020 nobis
1360 4982 1476 5035 superna
1500 4968 1640 5034 declarat,
1664 4968 1737 5040 quod

946 5056 1038 5126 viginti
1062 5065 1175 5126 quatuor
1197 5057 1318 5113 seniores
1344 5057 1484 5113 indefessis
1507 5061 1627 5127 vocibus,
1644 5059 1736 5115 laudes

946 5146 1143 5203 bominosuasi
1156 5149 1338 5205 modulatione
1346 5149 1547 5218 concelebrent,
1562 5164 1737 5205 commonens

948 5245 976 5292 ut
990 5237 1024 5293 ed
1045 5238 1246 5295 similitudinem
1262 5254 1373 5306 eornm,
1397 5249 1425 5296 et
1439 5254 1489 5295 nos
1506 5242 1637 5311 psalmum
1655 5238 1737 5295 istum

949 5330 1114 5403 trequentata
1129 5331 1272 5387 deuotione
1286 5340 1436 5388 cantemus.

1087 5443 1269 5500 EXPOSlTlO
1290 5444 1322 5499 ΙΝ
1342 5443 1504 5500 rsutttlltt
1521 5443 1604 5500 XXV.

1228 5534 1350 5590 l’solmus
1370 5537 1462 5592 Ruoid.

986 5648 1052 5702 Cutn
1067 5649 1181 5718 psuitnus
1204 5647 1337 5718 significet
1351 5648 1378 5705 in
1400 5649 1504 5705 actibus
1528 5651 1628 5709 nostris
1640 5667 1737 5710 coure-

952 5739 1079 5796 nientitm
1102 5739 1280 5804 spiritualium
1305 5751 1412 5805 rerum,
1437 5740 1521 5798 Ruoid
1543 5751 1634 5804 aulem
1655 5758 1736 5803 mauu
