3794 6128
122 257 167 312 lll
723 254 756 308 lt.
780 249 915 307 st'ltlslll
934 249 1132 306 cnsstoltnnt
1694 251 1743 308 lid

120 370 226 426 tradidit
242 369 400 440 paoperibus
415 368 686 438 erogamlnn.qaam
714 383 763 418 nan
787 367 856 418 dedit
871 366 905 417 ad
921 373 944 426 ,lt
959 364 1117 418 declaratur.
1145 365 1298 416 llctinemu-
1323 365 1404 424 urrini,
1426 362 1529 431 qnando
1553 371 1592 414 ast
1617 360 1744 416 llorrtinus

120 479 240 527 usuratu,
267 461 372 530 qnando
387 460 458 514 illurn
484 457 661 525 indigentibus
674 456 705 509 ad
723 455 904 509 inluminanda
957 469 1062 524 passus,
1078 455 1148 507 burte
1163 456 1264 506 titulum
1277 469 1356 522 snpra
1368 467 1444 522 capnt
1458 455 1514 520 rius
1529 455 1609 506 itt'tsso
1625 451 1745 507 c··rrscri-

41 540 47 548 ⁸
122 553 225 620 rttupin
246 546 903 619 lmgttatceaacessir.ntterararaestqnamad
956 544 1138 616 ptum-lesus
1165 545 1312 597 rVrraarenus
1336 545 1389 598 lies
1409 542 1661 607 dudmarwulloan.
1680 557 1743 607 atr,

121 658 227 696 usuram
243 641 318 703 riori,
335 638 478 707 Erangelin
498 639 622 701 dicente,
638 636 795 700 suademur,
813 636 837 688 id
852 647 903 699 est,
957 637 1011 708 le).
1026 637 1077 692 Sel
1095 638 1143 705 ipsi
1170 638 1300 690 ueraciter
1315 624 1480 706 intelligendi
1496 649 1556 688 sinn
1572 636 1668 697 bulci,
1695 632 1744 703 qni

122 733 323 800 pradicationes
347 729 570 784 sanctissitnaset
595 727 712 782 instituta
738 727 837 781 dir-ina.
862 726 907 780 ait
957 744 1021 798 para
1048 729 1157 782 cbristo
1183 728 1324 782 elimatione
1353 727 1527 780 larnnlantnr.
1557 725 1741 793 thrriaitea

122 825 211 878 carim:
228 822 331 878 Sciebas
345 839 384 876 ιιιι
402 823 527 875 tomara
539 821 667 873 durarurt
681 829 809 872 austeram
821 835 830 871 :
844 835 907 871 uon·
957 828 1048 873 noster
1061 820 1182 872 salrator
1195 819 1228 872 de
1247 833 1294 871 sua
1313 818 1435 886 passione
1449 827 1476 871 et
1490 817 1686 872 resurrectione
1702 816 1745 870 in·

122 931 154 970 ae
163 925 309 986 oportuerat
321 925 344 968 te
356 913 511 968 comatitlere
523 913 653 979 pecuniam
669 927 750 964 meam
763 910 908 963 anormala·
956 917 1066 965 cntorns
1080 918 1139 975 cst,
1156 908 1252 964 merito
1265 908 1343 977 trojus
1358 907 1539 974 inscriptionis
1551 921 1746 960 corrrmrrnnra·

116 1008 178 1076 ¹riis,
191 1014 214 1061 et
225 1022 270 1077 ego
280 1007 381 1061 ueniens
390 1007 526 1074 coepissem
536 1004 697 1072 utiqoequod
708 1019 792 1057 irarum
803 1012 839 1056 est
850 1018 907 1056 cum
962 1001 1000 1056 tio
1015 1004 1082 1054 lacta
1096 1012 1154 1064 cst,
1169 1015 1228 1070 quas
1252 1004 1332 1054 tant's
1351 1010 1410 1064 post
1431 999 1594 1065 temporibus
1608 1007 1676 1063 erat.
1692 999 1746 1052 bo·

122 1100 207 1152 usuris
232 1095 345 1166 (barro.
367 1112 431 1159 arr,
454 1095 517 1165 bili
540 1095 584 1152 Sic
607 1096 676 1149 enirn
702 1093 770 1147 istud
797 1093 906 1146 veritum
962 1095 1035 1147 mino
1048 1092 1235 1160 dispensante,
1251 1103 1385 1147 secutura.
1400 1091 1432 1145 Et
1445 1102 1472 1145 nt
1486 1089 1553 1144 banc
1569 1090 1638 1144 tituli
1653 1090 1747 1143 insed-

123 1184 285 1255 seqniveeurn
301 1200 349 1255 pro
365 1185 483 1238 locorum
497 1183 624 1253 qttalitete
639 1181 791 1249 suscipitur.
958 1184 1091 1252 ptionern,
1109 1197 1161 1236 nou
1176 1181 1208 1237 ad
1223 1183 1366 1250 quamlibet
1388 1182 1467 1234 aliam
1480 1195 1635 1251 personam.
1650 1179 1697 1234 sed
1713 1178 1747 1234 ad

160 1275 235 1330 Vcrs.
253 1275 295 1330 tt.
315 1273 348 1328 Et
362 1291 467 1328 munera
481 1290 558 1345 super
579 1275 785 1328 iaaoccateeuaa
801 1273 907 1341 accepit.
959 1274 1103 1330 bantinum
1125 1275 1259 1330 Citristum
1284 1274 1376 1329 reterri
1401 1273 1525 1328 debuisse
1551 1284 1745 1341 cognosceres,

126 1363 213 1418 l'irtns
228 1365 341 1430 decima,
356 1381 391 1435 qu
401 1384 414 1418 r·
430 1365 559 1430 restabat,
583 1364 691 1432 impleta
706 1374 757 1420 est.
774 1364 821 1419 ilie
833 1380 909 1432 super
959 1366 1091 1435 adjectum
1103 1376 1154 1431 est,
1176 1367 1226 1433 ipsi
1249 1365 1330 1418 Dauid
1338 1380 1348 1429 ‚·
1364 1363 1433 1432 qaod
1448 1363 1481 1417 ad
1496 1361 1638 1416 ὓοιιιίιιιιιιι
1654 1360 1746 1415 Satra-

124 1456 278 1519 innocentes,
299 1465 391 1510 coz-tra
415 1457 570 1511 innocentes
594 1455 671 1510 dator
695 1455 822 1526 inteiligi;
839 1455 908 1525 qood
929 1460 931 1463 '
959 1467 1042 1511 torem
1063 1465 1246 1526 eotnpctentcr
1263 1455 1356 1509 reterri
1370 1455 1464 1508 crebra
1478 1452 1644 1521 expositione
1667 1466 1743 1504 mon-

126 1561 177 1600 non
194 1546 279 1601 snlnrn
296 1546 436 1600 bominum
452 1555 555 1601 constat
571 1560 622 1599 non
640 1545 733 1601 iecisse
745 1585 753 1609 ,
767 1545 812 1599 sed
828 1545 907 1599 etiam
958 1549 1112 1605 stravimus.
1138 1548 1218 1604 Scies
1228 1549 1281 1602 torn
1304 1556 1345 1602 est
1360 1556 1448 1601 autem
1471 1545 1539 1612 quad
1567 1546 1610 1600 bie
1625 1545 1744 1611 psalmus

125 1639 223 1706 ipsese
241 1640 366 1706 probatus
380 1647 420 1692 est
436 1654 483 1709 pra
498 1630 583 1693 stirne
597 1637 784 1708 gener-ditatis
798 1639 906 1705 ollerrc,
958 1641 1091 1697 secunmrs
1115 1653 1156 1696 est
1179 1654 1271 1695 eorum
1287 1640 1331 1709 qni
1344 1639 1494 1708 passionem
1521 1646 1548 1694 et
1574 1641 1750 1694 resurrecto-

124 1731 193 1784 sicnt
206 1731 231 1782 in
248 1730 391 1794 Evangelio
405 1731 469 1782 dicit
484 1746 490 1780 :
508 1727 599 1781 Pastor
615 1729 694 1782 bouus
713 1730 824 1782 ultimam
837 1745 908 1782 strom
927 1731 947 1789 B
960 1750 1021 1791 uem
1035 1734 1141 1790 [bomini
1155 1732 1270 1790 tauerner·
1284 1740 1404 1803 tangunt.

125 1820 195 1882 ponit
218 1836 264 1888 pro
287 1820 372 1872 oribus
398 1820 450 1873 suis
465 1817 553 1886 (ioan.
571 1834 600 1879 ι,
618 1817 673 1886 ts).
689 1819 791 1888 Accepit
809 1822 910 1873 anima

126 1910 209 1979 tuag3s
219 1925 343 1975 munero,
354 1909 400 1964 sed
413 1924 464 1964 ιιοιι
476 1925 552 1976 saper
563 1911 716 1963 innocentes.
731 1909 819 1966 Sumit
831 1911 882 1964 etia
895 1929 909 1962 n

125 1998 315 2070 quotidieque
338 2001 423 2054 sorr's
449 1999 578 2055 altaribus
601 2000 759 2066 alternatur,
785 2000 833 2056 sed
857 2016 910 2054 artu

126 2107 203 2161 super
215 2092 368 2146 innocentes.
381 2092 547 2161 Quapropter
559 2091 737 2159 intelligamus
746 2091 802 2161 pias
812 2100 839 2146 et
849 2104 910 2160 par·

131 2180 301 2236 ratsrtbtatian
312 2195 333 2234 ·s
351 2181 489 2235 charitatis
504 2181 593 2236 studio
607 2195 659 2236 non
674 2196 735 2237 esse
749 2180 912 2238 antuinrodia

125 2271 299 2343 respuendas.
328 2269 393 2325 Nam
416 2272 438 2326 si
463 2285 543 2325 ontne
566 2286 663 2327 munus
677 2271 754 2342 abjici
770 2272 910 2338 voluisset,

127 2379 293 2435 nequaquam
309 2365 398 2417 inisset
413 2363 546 2426 ιιιιιῐίιιιιιι,
561 2381 638 2432 super
653 2364 807 2418 innocentes.

165 2455 240 2511 i‘ers.
255 2458 296 2512 te.
315 2455 364 2525 Qut
381 2455 440 2527 parit
454 2460 506 2509 brer
522 2472 571 2509 ron
586 2457 724 2510 merebitur
738 2457 763 2510 ia
776 2465 911 2512 rrtcruora.
982 2505 988 2516 .
1113 2505 1118 2518 ,
1190 2505 1196 2517 ,
1339 2505 1344 2516 .
1403 2505 1409 2516 .
1705 2505 1710 2513 .

963 2520 1052 2572 partem
1075 2518 1282 2575 uniuscujusque
1308 2520 1357 2569 rer,
1385 2519 1557 2574 rigoremque
1581 2504 1747 2558 substantae.
1835 2564 1838 2574 Ι

128 2546 260 2615 Expositis
283 2547 374 2602 decem
401 2546 542 2602 uirtutibus
557 2591 564 2615 ‚
581 2561 639 2619 qne
663 2546 697 2601 de
722 2546 834 2601 llomiao
850 2548 912 2603 lesu

127 2635 234 2691 Christo
263 2653 314 2692 non
341 2639 485 2708 incongrue
512 2640 684 2707 sentiuntur,
712 2639 912 2710 interrogationi

49 2720 56 2737 “
129 2728 291 2798 propbeticu
315 2728 431 2785 breviter
456 2731 518 2786 data
542 2739 583 2786 est
607 2733 726 2788 absoluta
752 2733 911 2802 responsio:

128 2821 252 2886 qouniam
267 2819 310 2888 qui
323 2821 384 2891 facit
405 2821 476 2888 bae,
501 2822 559 2888 ipse
579 2822 676 2877 habitat
699 2824 726 2878 ia
747 2824 912 2879 tabernacula

130 2909 244 2974 libertini,
259 2919 282 2964 et
300 2910 326 2963 iu
339 2919 426 2965 sancto
446 2921 531 2966 marte
542 2912 601 2982 ejus
614 2914 760 2984 requiescit.
775 2914 829 2970 Sed
844 2929 901 2971 eon·

126 2998 215 3054 sidera
229 3000 293 3068 quia
306 3001 366 3072 sarit
377 3001 463 3069 dixit,
476 3016 529 3056 uon
544 3009 648 3069 cantat,
663 3012 693 3058 ot
708 3017 757 3057 noa
770 3002 803 3057 ad
818 3013 912 3075 aetor-
965 3050 971 3062 .

130 3090 183 3147 lem
197 3093 321 3147 virtutem
341 3094 495 3163 interposita
511 3093 570 3163 lege
589 3096 804 3164 constringeret,
818 3109 853 3150 ue
866 3109 910 3149 se·
926 3105 948 3167 (ς

128 3193 201 3239 creta
228 3183 294 3238 tanti
318 3183 449 3256 mysterii.
466 3185 560 3240 intenti
581 3184 646 3241 solis
665 3186 785 3241 cantibus
799 3185 912 3242 inaniter

130 3274 314 3344 psalleremus.
331 3273 392 3328 Noa
406 3274 553 3343 merebitur,
566 3275 591 3330 id
608 3284 650 3331 est
663 3275 697 3332 ab
716 3277 774 3346 ipso
786 3292 839 3333 ιιοιι
853 3291 911 3331 nte·

129 3371 216 3430 retur,
230 3362 302 3434 quud
317 3363 382 3418 solis
401 3364 501 3421 sanctis
521 3364 659 3436 beatisque
681 3366 912 3436 prestolandum

128 3454 258 3510 omnisab
269 3454 315 3509 illa
323 3455 421 3524 impios
433 3455 610 3512 dimovebitur
620 3455 647 3512 in
656 3466 796 3522 eternum,
806 3457 913 3528 quando

129 3541 187 3612 ejus
197 3543 271 3612 regni
281 3543 470 3601 commuuione
483 3545 641 3615 privabitur.
659 3546 715 3602 lloc
727 3547 836 3603 sclrema
846 3546 913 3602 dici-

129 3641 173 3687 tur
183 3648 305 3704 aenigma,
318 3633 343 3687 id
354 3644 395 3687 est
405 3635 567 3704 catrjuuetio,
581 3634 688 3706 quando
700 3637 781 3690 multa
792 3635 912 3704 penden-

131 3723 167 3778 tia
181 3734 228 3780 aot
252 3741 304 3780 orto
325 3725 407 3780 rerba
430 3735 476 3781 ant
496 3742 548 3783 ona
563 3729 694 3783 ωιιιειιιῑι
709 3727 912 3784 concluduntur.

131 3814 185 3872 Sed
198 3817 241 3871 trie
255 3815 281 3871 ia
299 3818 429 3872 sententia
443 3817 540 3872 tactum
554 3827 610 3885 est;
633 3819 659 3873 lu
674 3819 755 3898 rerba
765 3830 853 3876 autem
869 3819 914 3874 obi

130 3910 267 3964 tarentum
281 3908 360 3966 tuterit
377 3924 429 3964 non
445 3909 593 3965 silebimus.

394 4022 531 4079 Conclusio
547 4025 649 4094 arettas.

162 4136 256 4192 lticest
267 4137 435 4194 coelestisille
447 4139 605 4212 becalogos,
626 4138 677 4194 troc
690 4138 783 4194 decem
796 4139 914 4194 clrorda·

132 4245 190 4283 rum
204 4229 342 4294 spirituale
363 4230 518 4299 psalterium
535 4231 600 4285 :iric
614 4245 675 4285 rere
696 4242 823 4286 numeros
838 4244 915 4284 coro-

131 4322 199 4376 nalis
221 4337 300 4391 quem
323 4323 395 4376 solos
409 4321 454 4376 ille
468 4322 605 4390 complere
624 4322 729 4392 potuit,
755 4322 800 4392 qni
823 4321 914 4376 urondi

131 4411 194 4465 ritia
208 4424 268 4465 curn
283 4424 331 4466 suo
344 4412 453 4555 eruore
473 4413 625 4481 prostrauit.
648 4413 699 4468 Sed
721 4429 860 4482 precamur
872 4414 916 4480 jn-

130 4499 198 4569 giler
211 4500 364 4569 omnipoteo
378 4515 428 4555 ram
442 4503 520 4571 ejus,
546 4514 574 4559 ut
598 4505 641 4573 qni
658 4504 717 4558 talia
733 4519 780 4572 per
794 4515 913 4558 nosmet-

130 4589 202 4660 ipms
215 4590 327 4660 implere
342 4606 394 4647 tren
420 4607 634 4664 possumusque
646 4593 721 4665 jassa
746 4603 828 4660 sunt,
854 4596 878 4663 ej
892 4610 913 4649 s

131 4682 205 4738 ditati
228 4697 336 4738 mouere
359 4682 494 4740 iaciamus.
510 4683 610 4740 Calculi
633 4701 740 4755 quoqne
755 4686 838 4755 ipsius
857 4702 913 4740 non

131 4783 171 4829 est
183 4773 359 4829 consideratio
372 4774 542 4845 negligendam
559 4790 618 4829 nam
632 4784 725 4842 quarta
747 4776 848 4829 decima
866 4790 912 4844 ge-

131 4863 266 4920 iteratione
288 4877 303 4916 a
330 4866 560 4934 transmigratione
574 4864 754 4934 babylonie,
778 4864 909 4921 adrentus

131 4952 237 5007 Domini
261 4953 406 5009 salvatoris
420 4956 521 5024 elusit,
538 4965 567 5009 ιιι
589 4955 683 5010 rnerito
697 4965 724 5008 et
747 4953 790 5009 bie
804 4955 861 5024 ipae
875 4956 914 5009 vi-

129 5045 224 5100 deatur
236 5046 354 5111 locutus,
376 5047 420 5116 qni
435 5049 461 5101 in
473 5047 593 5116 ejusdem
609 5062 720 5103 nrtrnero
732 5047 914 5118 generationis

132 5135 257 5190 adrenire
267 5135 388 5205 dignatos
403 5148 455 5191 est.

271 5245 451 5304 expositio
474 5247 506 5302 tu
526 5247 687 5304 PSALbiUil
717 5247 771 5302 XV.

328 5340 407 5395 Tituli
421 5342 551 5408 inscriptio
562 5341 611 5411 ipat
624 5341 719 5395 Dauid.

167 5455 233 5510 llum
244 5468 337 5510 ornnes
352 5453 474 5507 dicantur
493 5453 679 5521 inscriptiones
705 5453 841 5508 titulorum
869 5454 912 5523 qni

130 5545 292 5614 psalmorum
308 5544 437 5599 [rantibus
460 5544 614 5615 atliguntnr,
640 5547 730 5600 neseio
745 5547 807 5616 qnid
821 5547 913 5615 mysti-

130 5652 190 5692 ιιιιιι
205 5637 255 5691 iste
268 5636 420 5704 designans,
439 5636 487 5691 boc
498 5637 648 5704 specialiter
663 5638 762 5707 primus
774 5639 912 5695 continere

1245 1848 1342 1903 Diuisio
1358 1849 1462 1919 psalmi.

999 1961 1048 2016 l‘cr
1066 1972 1149 2017 tntum
1166 1963 1295 2032 psalmum
1317 1961 1496 2016 introducitur
1517 1975 1628 2032 persona
1645 1960 1748 2016 bamini

962 2051 1118 2108 Salinatoris.
1131 2053 1221 2108 Prima
1232 2052 1362 2122 positione
1373 2052 1518 2108 moundum
1530 2052 1748 2108 consuetudinem

962 2158 1038 2197 snam
1052 2159 1083 2198 ex
1097 2143 1261 2198 humanitate
1275 2153 1408 2214 suscepta,
1421 2144 1500 2199 rerba
1513 2142 1573 2197 iacit
1583 2143 1616 2198 ad
1632 2143 1748 2207 Patrem,

963 2235 1117 2290 conservari
1133 2250 1161 2289 se
1176 2244 1279 2303 petens,
1291 2235 1353 2305 quia
1366 2249 1441 2305 spem
1457 2249 1532 2289 snam
1546 2235 1663 2303 posuerit
1677 2249 1748 2290 seru·

963 2340 1010 2392 per
1032 2326 1058 2379 in
1074 2342 1116 2384 en.
1131 2341 1182 2380 nen
1199 2325 1308 2380 Deitatis
1323 2339 1378 2380 suae
1394 2327 1536 2395 quidquam
1551 2325 1683 2389 minuens,
1701 2325 1748 2379 sed

964 2425 1083 2468 naturam
1102 2415 1272 2471 inurbanitatis
1286 2415 1440 2469 ostendens.
1461 2414 1585 2470 Naturam
1600 2413 1670 2478 dieo,
1690 2414 1746 2467 ori·

965 2595 1106 2665 Sntrjnngt
1144 2595 1225 2651 eriam
1252 2597 1474 2661 quemadmodum
1497 2597 1582 2653 sancti
1608 2598 1666 2666 ejus
1694 2613 1747 2652 non

963 2688 1114 2744 carnalibus
1138 2686 1302 2752 desideriis.
1329 2687 1375 2744 sed
1398 2688 1580 2758 spiritualibus
1608 2689 1748 2743 virtutibus

962 2779 1108 2847 elipantum
1130 2778 1298 2848 omniaque
1323 2778 1432 2849 pertulit
1449 2778 1483 2833 ad
1504 2777 1667 2832 baereditatis
1691 2791 1748 2832 sna

963 2871 1073 2940 portant
1087 2884 1211 2926 assereus
1225 2870 1306 2925 luisse
1320 2870 1456 2937 perdocta.
1474 2869 1596 2926 &conda
1611 2867 1745 2936 positione

963 2960 1033 3014 idern
1046 2959 1117 3014 Patri
1128 2960 1228 3030 gratias
1240 2959 1334 3025 refert,
1344 2963 1388 3030 qni
1402 2962 1437 3014 illi
1449 2959 1572 3014 adextris
1582 2959 1746 3029 apparendo,

965 3050 1130 3120 raiqateuem
1146 3050 1225 3121 bnjrts
1238 3052 1347 3116 saeculi,
1362 3050 1563 3117 onraipoteotise
1578 3063 1634 3105 soe
1648 3051 1748 3106 virtute

963 3144 1110 3212 superarit.
1137 3142 1213 3199 Unde
1230 3143 1345 3198 animam
1371 3157 1446 3197 snam
1469 3143 1503 3199 de
1525 3142 1629 3197 interno
1652 3142 1748 3197 asserit

963 3248 1024 3290 esse
1038 3235 1187 3300 liberatam,
1207 3243 1235 3290 et
1249 3245 1308 3304 post
1322 3234 1526 3290 resurrectionis
1535 3234 1646 3305 gloriam
1659 3234 1686 3288 in
1700 3235 1748 3290 de-

963 3326 1148 3384 lectationibus
1160 3326 1278 3383 dextere
1288 3327 1372 3396 ipsius
1385 3341 1416 3383 se
1430 3337 1562 3383 memorat
1572 3327 1745 3384 collocatum.

1232 3435 1364 3508 Expositis
1381 3436 1487 3494 Psalmi.

1001 3547 1077 3603 Vera.
1092 3547 1119 3604 l.
1143 3544 1265 3602 Canama
1284 3564 1333 3611 me,
1343 3546 1459 3614 Domine,
1476 3548 1595 3620 quoniam
1606 3549 1633 3601 iu
1646 3558 1670 3602 le
1683 3566 1746 3618 spe-

963 3637 1029 3695 rari.
1053 3635 1124 3692 luter
1143 3640 1255 3707 pericula
1282 3639 1395 3693 bumana
1420 3648 1558 3704 rentums,
1582 3649 1609 3693 et
1631 3638 1748 3695 lanatae

964 3727 1151 3781 obstinationis
1166 3728 1260 3798 impios
1280 3742 1391 3793 seusus,
1405 3739 1498 3784 natura
1514 3729 1687 3785 humanitatis
1701 3744 1748 3785 as·

963 3827 1068 3884 sumpta
1083 3820 1237 3872 erraterrari
1257 3832 1287 3873 se
1304 3829 1412 3887 paterna
1436 3821 1603 3889 protectione
1619 3821 1749 3889 depreca-

968 3914 1027 3973 tura
1041 3916 1068 3962 et
1078 3922 1132 3978 qua
1146 3906 1251 3964 tacilius
1262 3907 1319 3978 ejus
1332 3909 1370 3964 rei
1384 3919 1540 3978 sequeretur
1554 3909 1672 3975 effeetus,
1686 3924 1749 3978 spe·

965 4009 1041 4052 rasse
1053 4011 1084 4051 se
1098 3995 1161 4052 dicit
1173 4010 1280 4067 semper
1294 3998 1321 4052 in
1337 3997 1460 4053 bomine.
1479 3999 1541 4054 llaec
1560 4001 1641 4070 ligura
1652 3998 1749 4055 dieitur

965 4089 1110 4157 ethopoeia,
1124 4091 1227 4157 quoties
1242 4090 1320 4147 dator
1335 4090 1433 4146 locutio
1446 4101 1526 4146 certes
1541 4107 1671 4159 persona.
1687 4091 1750 4147 Per-

966 4191 1031 4233 sona
1042 4189 1084 4234 est
1098 4180 1168 4234 enim
1183 4180 1226 4234 laic
1241 4179 1342 4235 Domini
1358 4181 1501 4237 salvatoris
1521 4199 1553 4237 ex
1576 4183 1678 4238 duabus
1695 4183 1749 4238 dis·

966 4269 1056 4324 tinctis
1071 4268 1251 4338 perlectisque
1266 4272 1365 4325 naturis
1379 4271 1459 4325 honre
1472 4270 1544 4342 [msa.
1567 4275 1612 4338 al„
1637 4273 1682 4338 B..
1701 4272 1748 4328 ,Κ

966 4361 1099 4430 perlectus
1123 4357 1231 4430 boniol,
1249 4360 1373 4431 idemque
1397 4362 1466 4417 bens
1500 4377 1568 4418 ortos
1590 4381 1749 4433 permanens

929 4453 1099 4533 DClrristns.

1003 4544 1076 4599 Vera.
1092 4544 1119 4600 2.
1141 4544 1201 4600 utet
1215 4544 1336 4612 Domino,
1352 4544 1423 4601 Deua
1442 4563 1512 4602 arcus
1526 4564 1553 4602 ea
1572 4558 1608 4612 ιιι,
1630 4550 1750 4616 quoniam

966 4637 1086 4691 bonoram
1099 4654 1212 4693 incoram
1226 4655 1277 4693 aaa
1289 4640 1396 4710 indiam.
1414 4640 1500 4706 Dixit,
1522 4657 1575 4697 non
1590 4643 1683 4712 labiis,
1700 4647 1749 4700 seo

966 4728 1054 4783 cardis
1073 4728 1183 4795 allecto;
1199 4729 1271 4784 unde
1289 4740 1380 4785 sancta
1401 4733 1563 4788 conscientia
1579 4733 1749 4802 loquebatur.

967 4816 1035 4872 Deos
1047 4834 1116 4874 mear
1125 4835 1151 4873 ea
1163 4829 1200 4885 to,
1212 4833 1227 4873 a
1244 4820 1328 4875 irtrrna
1338 4822 1407 4876 serri
1421 4822 1502 4878 Filios
1512 4822 1577 4877 dicit
1587 4824 1620 4878 ati
1633 4825 1749 4888 l‘atrem,

968 4917 997 4960 ιιι
1013 4906 1079 4962 duas
1105 4917 1212 4962 naturas
1236 4908 1263 4962 in
1279 4924 1328 4962 una
1345 4924 1457 4976 persona
1481 4912 1582 4966 ltonriai
1605 4912 1751 4970 saluatoris

966 4999 1105 5055 evidenter
1118 5016 1288 5066 agnosceres.
1305 5004 1357 5074 53
1370 5004 1427 5058 Una
1441 5021 1473 5060 es
1490 5018 1578 5059 trustra
1593 5008 1751 5064 iulirutitato

968 5089 1090 5157 homilis,
1106 5091 1188 5146 attera
1204 5106 1236 5147 ex
1248 5108 1294 5148 soa
1314 5103 1444 5162 potestate
1458 5096 1597 5160 mirabilis,
1613 5107 1641 5151 ιιι
1653 5099 1752 5153 intelli-

967 5198 1016 5253 gas
1029 5184 1100 5249 quod
1119 5200 1212 5252 passus
1227 5197 1279 5246 est.
1295 5186 1377 5242 luisse
1389 5188 1496 5251 cantis3
1511 5189 1580 5258 quad
1594 5192 1750 5254 resurrexit,

969 5275 1163 5341 potentissima·
1186 5276 1341 5343 rrtajestatis.
1367 5277 1407 5329 Ad
1433 5276 1621 5331 destruendam
1647 5294 1752 5347 quoquo

965 5365 1143 5433 arrogantiam
1167 5365 1274 5419 lrnmmri
1298 5367 1490 5435 generisque
1513 5367 1569 5422 suis
1583 5368 1684 5422 viribus
1706 5370 1752 5422 aii·

964 5456 1025 5522 qnid
1041 5457 1102 5508 boni
1122 5471 1151 5509 se
1167 5457 1252 5510 tacere
1266 5472 1342 5524 posse
1356 5457 1474 5520 arrabon,
1501 5458 1613 5523 adlidit,
1628 5460 1750 5527 quioniam

965 5545 1087 5599 bonorum
1102 5563 1214 5600 meorum
1230 5564 1279 5600 non
1294 5547 1403 5618 indiget.
1416 5547 1529 5601 Audiam
1545 5550 1594 5602 buc
1605 5549 1751 5619 Pelagiani,

967 5642 1011 5712 qui
1027 5641 1115 5710 alique
1132 5643 1199 5697 bona
1213 5652 1305 5712 putrent
1320 5646 1376 5697 sois
1389 5642 1489 5697 viribus
1503 5641 1672 5713 applicanda.
1689 5643 1750 5700 Cla-
