3794 6128
162 259 197 312 ''zl
215 268 223 287 ¹
744 255 776 310 ut
792 253 1007 311 PsittffElttbtt
1027 250 1218 311 PRAEFdTlO.
1756 248 1792 303 ᾗ

164 373 331 446 grammatici
353 371 448 429 Graec
471 385 577 427 nomme
591 378 682 439 tropos
703 376 809 435 socam,
829 376 951 424 auctores
964 374 989 430 Α
1004 377 1131 437 quantum
1145 367 1252 422 assidue
1268 373 1372 421 constat
1390 365 1501 429 hauriri,
1525 373 1625 418 tantum
1641 363 1727 418 nescir
1740 376 1793 415 cs·-

164 472 275 521 ncstros
309 475 372 518 usos
405 461 497 517 luisse.
529 461 563 514 lit
592 458 672 530 paulo
702 469 762 527 post
795 457 915 527 sequitur
943 473 950 511 ι
1003 455 1092 526 pendi.

165 557 241 625 Quos
251 563 342 611 umen
355 562 457 622 tropos,
482 552 508 608 id
527 560 568 606 est
589 550 683 606 modos
704 548 881 609 locutionum,
908 545 953 616 qui
1038 545 1079 601 dc
1098 560 1131 601 nc
1144 545 1243 600 diutius
1258 545 1283 599 in
1298 542 1472 614 generalibus
1497 557 1673 609 remoremur,
1691 540 1793 612 specia-

166 654 300 705 norerunt
322 654 468 716 agnoscunt
494 643 522 697 in
544 640 639 698 litteris
665 638 775 705 sanetis,
804 653 951 708 eorumque
1004 638 1039 694 lia
1055 635 1188 703 l‘salterii,
1206 636 1319 690 ltomino
1342 636 1463 705 jurante,
1487 645 1643 704 tangamus:
1668 632 1793 707 queniam
1851 656 1853 663 ·

165 739 278 796 scientia
295 737 328 793 ad
344 751 390 793 ers
410 733 594 804 intelligendas
608 732 800 803 aliquantutum
824 728 952 800 adiuratu-
1007 730 1064 797 ipsa
1078 741 1122 783 res
1136 725 1276 783 evidenter
1289 726 1453 796 agnoscitur,
1474 741 1534 796 que
1548 724 1734 780 communibus
1749 736 1794 776 re·

167 844 221 886 rur.
236 827 318 899 Cujus
332 828 371 884 rei
383 833 411 882 et
430 827 457 882 in
471 825 531 880 aliis
542 823 680 880 codicibus
699 820 756 877 suis
770 820 834 876 iecit
847 819 956 879 criden·
1006 819 1056 874 bns
1071 818 1228 888 premissis,
1243 825 1333 888 postea
1346 818 1397 873 snb
1414 817 1503 887 aliqua
1516 816 1680 887 proprietate
1693 813 1794 870 descri-

168 923 298 976 tissimam
311 917 484 974 mentionem.
503 914 532 970 ln
545 915 621 970 libris
634 914 732 985 qnippe
750 925 818 982 quos
836 909 954 979 appella·
1008 911 1088 967 bitur.

167 1014 206 1068 rit
220 1013 254 1069 dc
276 1011 362 1068 liudis
375 1008 552 1065 Locutionum
565 1006 670 1063 diversa
690 1004 826 1061 schemata
846 1003 956 1058 sarcula·
1301 1042 1414 1101 CAPUT
1436 1043 1493 1099 m

168 1106 238 1159 mum
252 1102 401 1158 litterarum
415 1097 530 1156 iureuirl
550 1098 672 1167 probarit
691 1096 718 1153 itt
738 1096 834 1152 litteris
853 1095 955 1160 saeris;
1325 1089 1331 1100 ’
1499 1087 1505 1099 “

167 1195 236 1248 alios
249 1201 338 1248 autem
359 1190 483 1261 proprios
497 1187 591 1244 modos
606 1187 632 1241 iu
655 1185 752 1242 diuinis
772 1182 887 1254 eloquiis
896 1197 957 1238 esse

167 1283 322 1349 declararit,
337 1295 405 1351 quos
416 1277 581 1351 grammatici
597 1277 653 1333 sire
667 1275 791 1333 rhetores
806 1274 957 1330 nullatcnus
1045 1271 1161 1327 Primum
1175 1269 1299 1340 estquod
1315 1271 1364 1340 ipsi
1381 1279 1482 1324 tantum
1498 1268 1591 1340 psalmi
1606 1268 1732 1338 singulari
1747 1284 1795 1323 tau·

167 1375 322 1446 attigerunt
346 1372 478 1429 dixerant
501 1371 551 1427 lroe
576 1368 648 1440 apud
671 1383 721 1424 nos
742 1377 770 1423 et
791 1367 834 1421 alii
859 1366 958 1422 ductis·
1010 1378 1085 1420 rnero
1105 1363 1266 1428 recitantur,
1290 1376 1356 1432 quos
1379 1376 1428 1417 nos
1451 1359 1579 1415 adhibitis
1602 1358 1680 1430 hujus
1699 1359 1797 1431 lingum

168 1463 351 1532 simil'atres,
377 1463 403 1519 id
422 1473 464 1519 est
478 1462 666 1532 Hieronymus,
690 1457 860 1522 Ambrosius,
883 1455 957 1511 iiiia·
1010 1455 1177 1526 peritissimis
1191 1469 1251 1511 cum
1266 1468 1358 1512 eorum
1380 1452 1515 1507 volumine
1538 1449 1717 1513 conferentes.
1738 1463 1797 1507 ser·

169 1559 244 1623 rius,
263 1567 292 1613 ut
313 1570 481 1628 nequaquam
496 1562 705 1626 presumpturos
732 1551 811 1623 hujus
832 1550 882 1619 rei,
910 1550 958 1606 scd
1012 1559 1073 1602 rato
1096 1560 1145 1601 nsu
1170 1544 1353 1615 psallentium,
1378 1542 1435 1597 suis
1457 1541 1579 1598 versibus
1603 1540 1794 1597 estimavimus

171 1647 309 1718 pedisequi
323 1661 386 1703 esse
400 1647 549 1701 rideamus.
1010 1653 1070 1694 esse
1085 1636 1233 1693 reddendos
1248 1655 1254 1689 :
1271 1650 1305 1692 ne
1318 1651 1347 1691 se
1362 1636 1388 1689 in
1404 1643 1594 1705 praesumptum
1612 1632 1732 1688 ordinem
1749 1649 1797 1689 su·

209 1736 263 1793 Sed
276 1736 341 1793 dicit
355 1735 467 1808 aliquis:
480 1735 535 1792 Nec
549 1743 637 1804 partes
650 1734 716 1805 ipsae
730 1732 957 1804 syllogismorum,
977 1737 997 1796 Β
1011 1728 1121 1783 claritas
1141 1727 1270 1796 permista
1289 1725 1474 1782 confunderet.
1495 1723 1595 1780 Deinde
1610 1723 1679 1794 quod
1694 1723 1801 1779 nullum

168 1842 221 1883 sec
246 1827 356 1884 nomina
376 1828 554 1890 schematum,
578 1839 629 1880 nee
655 1824 786 1879 vocabula
804 1822 959 1892 disciplina·
1013 1818 1082 1873 aliud
1098 1833 1165 1887 opus
1177 1817 1341 1872 auctoritatis
1361 1815 1460 1871 divinae
1478 1824 1584 1870 centurn
1606 1814 1796 1885 quinquaginta

168 1934 241 1983 rum,
257 1932 307 1974 nec
328 1918 379 1972 alia
394 1916 579 1987 hujuscemodi
595 1916 730 1970 ullatenus
744 1914 918 1969 inueniuntur
932 1915 959 1967 in
1011 1908 1174 1963 sectionibus
1193 1905 1362 1969 continetnr;
1387 1905 1431 1961 ubi
1452 1904 1522 1961 enim
1544 1914 1582 1959 tot
1603 1904 1670 1960 tituli
1691 1904 1797 1963 diversa

167 2007 296 2076 psalmis;
313 2007 487 2062 inveniuntur
506 2006 585 2076 plane
599 2006 626 2060 iu
641 2005 740 2059 virtute
752 2018 894 2067 sensuum,
906 2018 960 2058 non
1012 2001 1135 2069 leguntur
1148 1999 1277 2055 varietate
1292 1997 1453 2065 conscripsit
1469 1996 1518 2051 liic
1537 1995 1601 2052 iliud
1617 1997 1734 2052 sutirum
1749 2011 1796 2050 uo·

167 2094 196 2149 in
211 2094 337 2153 effatione
357 2096 523 2153 verborum:
551 2095 589 2150 sie
616 2093 689 2150 enim
711 2092 773 2148 vina
799 2093 825 2147 iu
850 2092 959 2156 ritibus,
1012 2106 1072 2145 men
1098 2090 1204 2145 alleluiu
1227 2090 1253 2145 in
1275 2087 1547 2158 superscriptionibus
1570 2087 1715 2143 inchoavit.
1744 2087 1794 2143 llic

168 2200 285 2241 messem
304 2186 332 2240 iu
346 2186 461 2253 semim,
481 2183 590 2240 irondes
605 2183 631 2238 in
644 2183 792 2251 racidibus,
817 2181 919 2238 lructus
932 2182 960 2237 in
1011 2181 1230 2237 curnmemoratio
1249 2179 1366 2236 historiae
1386 2179 1420 2236 de
1436 2180 1537 2247 Regum
1553 2189 1637 2233 tracta
1650 2179 1800 2246 retunsius,

169 2279 263 2341 ramis,
277 2273 388 2330 arbores
401 2276 474 2344 ipsas
487 2287 570 2330 sensu
584 2271 796 2341 contemplamur
806 2271 834 2326 iu
847 2270 959 2327 nucleis.
1012 2276 1038 2328 in
1052 2273 1109 2343 ipsc
1121 2271 1212 2328 linrine
1227 2272 1312 2341 posita
1325 2271 1438 2327 rirtutes
1451 2271 1569 2326 noscitur
1589 2270 1707 2324 indicare
1724 2269 1801 2340 psal·

169 2364 235 2420 iiam
251 2362 325 2420 etde
338 2362 545 2435 pmtcndissima
559 2362 657 2434 abysso
670 2361 813 2418 deliciosus
827 2359 908 2431 piscis
921 2370 961 2416 at·
1011 2375 1128 2416 morum.
1155 2360 1204 2415 llic
1226 2361 1307 2415 etiam
1332 2360 1506 2428 diapsalmae
1531 2369 1633 2414 tanturn
1659 2359 1801 2430 interjecta

170 2455 290 2525 ringitur,
310 2453 356 2524 qui
377 2462 466 2510 tamen
485 2462 549 2508 ante
566 2440 717 2523 captionem
736 2467 812 2507 suam
836 2451 961 2507 humanis
1011 2462 1203 2508 monstrantur.
1229 2451 1277 2507 llic
1302 2451 1396 2521 psalmi
1425 2450 1571 2507 secuudum
1598 2452 1708 2506 uirtutes
1735 2465 1800 2507 suas
1855 2522 1862 2535 .

169 2546 318 2601 oeulisucn
332 2544 447 2600 ridetur.
473 2543 568 2599 iterito
590 2558 654 2614 crgo
675 2558 736 2600 esse
757 2544 961 2613 dicimusque
1012 2558 1184 2600 numerorum
1195 2542 1302 2599 ordines
1320 2551 1421 2599 tenerit.

172 2637 261 2692 inesse
274 2636 446 2691 nibilominus
458 2635 554 2690 uirtute
568 2635 706 2690 sentimus.
723 2634 788 2689 Nam
804 2642 832 2690 ct
843 2633 960 2704 Aposto-
1047 2637 1128 2694 hihcr
1145 2637 1274 2692 inchoans
1288 2651 1301 2689 a
1316 2636 1480 2692 beatitudine
1492 2636 1602 2702 curisti,
1625 2635 1690 2690 llari
1704 2647 1729 2690 et
1746 2634 1801 2690 io·

172 2728 213 2781 lus
224 2736 294 2783 retat
308 2725 334 2800 (l
347 2725 408 2784 Cor.
419 2741 458 2794 nr,
473 2726 518 2798 18)
529 2724 680 2782 nosseduei
692 2740 738 2796 per
750 2738 846 2781 ranam
856 2723 961 2795 sapien·
1012 2729 1077 2784 reris
1100 2728 1262 2784 Testamenti
1290 2737 1455 2783 sacramenta
1479 2741 1649 2795 percurrens,
1677 2724 1799 2781 laudibas

173 2817 236 2872 tiam
249 2817 339 2872 muudi
355 2816 428 2872 rista
452 2831 517 2872 sero
537 2830 590 2871 uon
613 2815 771 2886 abnegem
791 2806 961 2870 litteris'esse
1011 2817 1094 2873 saeris
1119 2826 1145 2871 et
1163 2826 1253 2872 sancta
1271 2815 1429 2884 iubilatione
1448 2815 1631 2880 concluditnr;
1652 2823 1681 2869 ut
1701 2815 1798 2870 merito

170 2908 281 2965 diripis.
301 2908 379 2963 Certe
397 2907 555 2963 accedamus
570 2905 604 2961 ad
620 2906 755 2975 psalmos,
771 2912 800 2961 ct
813 2906 960 2974 interroge-
1011 2921 1041 2962 se
1055 2906 1099 2962 tali
1115 2920 1226 2961 munere
1248 2905 1403 2960 consoletur
1417 2905 1547 2969 Ecclesia,
1563 2921 1622 2975 qum
1637 2904 1682 2963 bic
1699 2905 1798 2960 multa·

173 3016 256 3063 mus,
281 3016 338 3070 quc
359 3001 432 3055 omni
457 2999 635 3068 disputatione
668 2998 753 3066 maior
779 3007 839 3062 est,
869 3011 960 3052 rerum
1013 3011 1073 3052 rum
1091 2995 1270 3052 calamitatum
1287 2995 1455 3065 cognoscitur
1471 2994 1659 3051 afflictionibus
1672 2997 1798 3052 sauciari.

173 3092 262 3146 iidem.
895 3071 897 3076 ¹
975 3079 999 3144 C
1014 3086 1093 3141 Norit
1106 3086 1176 3142 enirn
1191 3084 1320 3142 hencllcio
1332 3085 1435 3140 Domini
1447 3085 1611 3154 triumphare
1624 3085 1657 3140 dc
1674 3085 1730 3140 snis
1740 3088 1796 3140 clau

208 3179 281 3236 istud
295 3194 360 3250 ergo
373 3179 521 3249 principale
535 3177 662 3233 virtutum
676 3184 704 3233 et
717 3177 833 3233 salutare
848 3176 961 3234 locutio·
1011 3176 1089 3233 dibus
1107 3174 1262 3247 ingrara·a;
1277 3176 1503 3245 persecutionibus
1527 3176 1657 3246 siquidem
1681 3176 1796 3246 profic-r,

173 3271 212 3325 nis
225 3284 308 3341 genus
320 3271 477 3340 p'erumque
487 3284 530 3325 res
541 3268 644 3339 aliquas
656 3266 749 3332 rcicrt,
764 3275 790 3322 et
800 3280 872 3336 saepe
883 3265 962 3337 louge
1011 3267 1199 3325 ailiietionihus
1218 3281 1325 3335 semper
1346 3278 1476 3338 angetur.
1500 3267 1629 3336 sanguiue
1652 3276 1797 3340 martyrum

173 3361 223 3415 alia
238 3375 316 3431 quaro
330 3358 484 3425 audiuntur,
498 3358 617 3430 exponit.
632 3355 805 3429 Simplicitas,
821 3357 918 3429 duplex
935 3369 963 3416 et
1012 3361 1124 3431 rigetur,
1150 3359 1255 3414 tristitia
1276 3358 1360 3428 magis
1381 3357 1501 3428 erigitur,
1518 3358 1637 3428 augustia
1661 3358 1797 3425 dilatatur,

172 3449 483 3521 sinedolebilinguitas;
505 3449 574 3506 sicut
596 3449 657 3505 lecit
677 3447 777 3519 ioseph
792 3447 868 3519 (Gen.
885 3451 961 3516 scu),
1011 3451 1117 3507 lletihus
1142 3450 1270 3518 pascitur,
1292 3449 1401 3519 jeiuniis
1424 3448 1551 3516 relicitur,
1575 3458 1601 3505 et
1627 3450 1688 3507 inde
1711 3449 1800 3520 potius

173 3541 218 3611 qui
232 3539 294 3596 dum
309 3539 408 3597 iratres
421 3555 485 3597 suos
499 3549 609 3612 aspectu
623 3540 680 3610 ipso
695 3549 722 3594 ct
738 3553 863 3596 sermone
877 3541 962 3609 patrio
1012 3542 1119 3606 crescit,
1136 3541 1207 3596 unde
1221 3540 1336 3595 mundus
1348 3539 1447 3595 delicit.

174 3632 353 3702 cognovisset,
375 3632 411 3687 ita
436 3631 475 3687 eis
499 3630 638 3688 uidebatur
662 3630 744 3701 loqui,
760 3640 788 3684 nt
811 3629 962 3686 nullatenus
1048 3632 1196 3700 Quideuim
1211 3633 1237 3687 iu
1252 3633 1298 3688 ille
1318 3632 1387 3687 libro
1409 3646 1463 3687 uon
1481 3632 1602 3688 invenies
1617 3633 1687 3688 unde
1706 3649 1736 3689 sc
1751 3634 1800 3688 hts·

174 3723 303 3791 potuisset
323 3723 442 3791 agnosci.
457 3723 532 3791 Quod
545 3737 598 3778 non
617 3720 704 3777 estad
724 3720 888 3791 deceptionis
906 3732 963 3777 stu·
1013 3741 1121 3780 manum
1135 3738 1219 3796 genus
1241 3724 1337 3781 debeat
1351 3724 1469 3780 suaviter
1482 3724 1630 3780 consolari?
1646 3725 1799 3781 Thesauros

174 3812 248 3867 dium
272 3821 427 3881 sumptam,
448 3812 495 3867 scd
519 3810 552 3867 ad
574 3808 745 3866 commodum
767 3824 871 3880 magnas
893 3809 963 3864 utili·
1014 3818 1162 3888 inpectore
1188 3815 1288 3872 mundo
1312 3830 1419 3885 semper
1442 3830 1620 3883 excrescens,
1650 3816 1798 3871 currsolatio

174 3905 237 3958 tatis
267 3902 400 3959 ellectum.
434 3902 560 3958 ttebrecs
587 3916 728 3958 sermones
747 3901 866 3971 adhibet,
893 3916 960 3959 cau·
1015 3923 1109 3978 magna
1129 3909 1287 3979 lugentium,
1307 3922 1369 3978 spcs
1384 3907 1616 3977 beutaiustorurn,
1641 3908 1798 3976 pertentas.

173 4006 219 4047 sas
234 3991 457 4061 profundissimas
472 3991 623 4047 innuentes.
639 3988 723 4047 Unam
742 4005 798 4046 rem
811 3991 839 4046 in
853 3991 925 4048 malo
937 4000 964 4048 ct
1015 3999 1081 4054 tium
1102 3998 1167 4053 utile
1190 3996 1350 4067 sudrrgium,
1371 3996 1441 4052 unde
1467 4011 1573 4064 semper
1597 3995 1667 4063 quud
1691 3995 1800 4064 expedit

173 4083 200 4135 in
227 4083 296 4136 bono
312 4081 467 4153 plerumque
490 4080 573 4150 ponit,
600 4087 629 4134 ut
643 4078 714 4150 quod
728 4080 837 4135 nomine
857 4079 962 4136 videtur
1016 4089 1127 4152 tollitur,
1142 4087 1252 4157 ejusque
1266 4085 1325 4140 suns
1341 4086 1472 4140 indeiecta
1487 4085 1653 4153 perennitate
1664 4093 1798 4140 servatur.

173 4187 234 4228 ⁰⁸⁵0
252 4187 405 4240 0⁰¹¹¹¹¹¹¹¹⁰02
420 4172 449 4245 8
463 4171 591 4242 imbelli?
605 4171 777 4242 (linumibus
800 4170 962 4240 discrepare.
1016 4182 1112 4236 licattu
1123 4192 1229 4249 quoquc
1239 4176 1410 4239 Athanasius,
1422 4174 1609 4230 Alexandrinae
1620 4174 1801 4243 ciuitatisep‘s·

174 4266 303 4321 0⁴2³0³²³²
319 4264 435 4322 ῑθῐῐθῡῑί
452 4271 600 4334 imiimi,
629 4263 736 4334 utquod
759 4263 964 4332 i¹¹⁰⁰1tttirehcn·
1016 4285 1125 4341 scupus,
1141 4270 1167 4327 in
1182 4268 1250 4324 libro
1264 4280 1342 4337 quem
1355 4265 1507 4321 llarcellino
1518 4279 1566 4321 suo
1582 4263 1740 4320 charissimo
1751 4263 1800 4320 de·

173 4355 262 4411 sibilis
284 4355 439 4426 magnitudo
462 4355 668 4425 retatintciligi,
691 4370 739 4426 pcr
761 4355 913 4412 notissimas
930 4356 964 4411 si·
1018 4363 1130 4420 stiparit
1153 4362 1187 4418 de
1206 4358 1370 4430 proprietate
1390 4356 1536 4423 Psaltcrii,
1557 4365 1586 4412 ut
1604 4356 1693 4413 serbis
1717 4356 1800 4426 ipsius

173 4446 339 4504 militudiues
356 4447 441 4519 possit
453 4448 566 4504 adverti.
583 4448 611 4502 ln
626 4448 714 4503 rerbis
728 4457 819 4504 autem
841 4449 963 4506 serendis
976 4449 1005 4509 Ι)
1017 4462 1085 4520 utar,
1107 4452 1144 4509 ita
1163 4451 1249 4508 dicit:
1270 4450 1426 4519 Quicunque
1448 4447 1569 4505 Psalterii
1594 4449 1674 4504 verba
1696 4450 1800 4510 recitat,

172 4539 240 4594 mira
264 4541 382 4608 potentia
396 4548 455 4607 est;
470 4549 501 4595 ut
523 4540 611 4597 sabito
634 4540 765 4596 immensa
778 4541 856 4596 nohis
880 4549 961 4613 atque
1016 4544 1091 4616 quasi
1108 4542 1310 4613 propriarcrha
1331 4540 1464 4606 decantat,
1488 4548 1515 4594 et
1538 4550 1661 4608 tanquam
1676 4550 1804 4597 accuret·

172 4631 455 4703 incomprehensibile
484 4631 587 4689 duobus
617 4631 755 4702 tribusque
793 4633 962 4690 sermonibus
1017 4637 1075 4706 ipso
1086 4635 1239 4703 conscripta
1255 4648 1322 4687 unus
1338 4630 1438 4702 psallit,
1451 4640 1478 4684 ct
1491 4645 1543 4685 non
1557 4639 1681 4700 tanquam
1696 4632 1747 4687 alio
1760 4631 1800 4687 dl·

170 4721 349 4792 espliccntur.
1016 4736 1105 4793 cente,
1127 4736 1174 4782 aut
1195 4725 1229 4781 de
1247 4724 1301 4778 alio
1323 4721 1491 4791 significante
1514 4722 1634 4776 srrrnitet
1654 4722 1732 4792 legit,
1751 4723 1798 4790 sed

210 4812 276 4879 Quid
291 4812 399 4869 brevius
413 4812 510 4880 dicam,
524 4810 679 4884 frequenter
692 4812 772 4868 etiam
793 4828 845 4869 uua
860 4814 962 4885 syllaba
1017 4825 1140 4886 tanquam
1157 4815 1214 4885 ipse
1236 4813 1271 4870 de
1285 4812 1430 4881 semetipso
1450 4813 1572 4880 loquens,
1594 4812 1633 4866 sic
1647 4811 1800 4880 instiusmodi

173 4903 333 4960 incumbens
347 4902 452 4959 bomini
476 4913 598 4959 naturam
617 4902 796 4967 demonstrat,
822 4912 852 4960 ut
873 4913 914 4960 cst
931 4907 962 4962 il·
1016 4907 1096 4963 verba
1116 4905 1236 4977 pruiert;
1256 4913 1284 4961 et
1306 4904 1395 4973 qualia
1417 4912 1558 4972 suntque
1579 4902 1713 4967 dicuntur,
1738 4903 1801 4959 talia

172 4995 219 5050 lud
237 5014 244 5049 :
261 4995 310 5064 Qui
320 5006 357 5050 est
375 4996 444 5051 misit
470 5012 508 5051 me
528 4994 628 5069 (deod.
644 5009 693 5063 ιιι,
710 4995 764 5068 ¹5).
779 4995 862 5065 Cujus
883 5012 962 5054 omne
1015 4999 1155 5068 reirrtipse
1168 5010 1262 5068 egem,
1276 5012 1309 5053 ea
1324 4997 1469 5067 semetipso
1485 4998 1615 5066 loquens,
1628 4996 1683 5050 lieo
1697 4993 1803 5050 ridetur

173 5087 284 5142 rerhum
299 5086 433 5143 subtiliter
455 5086 610 5158 inquisitum
632 5086 749 5156 copiosis
763 5086 887 5143 sensibus
900 5102 961 5143 sca·
1015 5089 1111 5144 oiicrre
1124 5103 1272 5145 sermones.

1164 1136 1201 1190 Dc
1221 1137 1323 1208 proprio
1341 1137 1483 1206 eloquentie
1503 1134 1632 1190 Pscitcrii.

173 5175 251 5230 turit.
266 5175 332 5231 liam
345 5178 415 5234 sicut
430 5175 637 5233 iocundissimus
656 5192 719 5247 ager
737 5178 884 5234 odoriieras
900 5178 963 5234 her·
1052 5178 1175 5236 l‘salterii
1189 5194 1294 5249 quoque
1308 5180 1444 5249 proprium
1465 5181 1592 5249 estquod
1608 5195 1654 5250 per
1669 5179 1754 5247 ipsunt
1769 5178 1803 5232 le
1879 5202 1888 5211 ·

173 5271 224 5323 bas
237 5268 315 5325 saluti
331 5278 431 5326 nostrae
453 5268 576 5340 producit
597 5268 805 5330 accommodas.
830 5273 870 5326 sic
883 5270 962 5348 lectio
1015 5272 1056 5342 gis
1070 5269 1164 5326 diriuae
1181 5273 1308 5325 sanctitas
1322 5270 1456 5326 introitur.
1478 5274 1535 5328 don
1550 5273 1620 5328 enim
1645 5275 1746 5327 tirones
1760 5270 1803 5327 iu·

174 5359 337 5415 disinaecm
361 5375 410 5430 per
434 5360 539 5431 singula
567 5360 648 5416 verba
673 5361 829 5430 requiritur,
855 5374 963 5432 semper
1015 5365 1112 5419 elruaut
1127 5379 1142 5418 a
1158 5362 1266 5431 Getrcsi,
1286 5378 1339 5417 uon
1363 5364 1397 5419 ab
1410 5366 1548 5433 llpostclo,
1575 5379 1627 5418 nun
1651 5366 1720 5420 iuter
1742 5365 1800 5431 ipsa

176 5450 231 5505 iilic
253 5466 317 5506 eura
341 5451 440 5507 mentis
467 5451 567 5507 sauciae
593 5454 735 5522 reperitur.
763 5452 801 5507 lic
818 5453 895 5524 cujus
909 5455 964 5510 clo·
1017 5454 1093 5508 initia
1107 5455 1250 5510 auctoritas
1261 5456 1411 5524 euangelica
1425 5466 1513 5509 sancta
1527 5457 1647 5523 pulsatur
1659 5474 1665 5521 ;
1679 5456 1725 5510 sed
1740 5456 1804 5511 licet

175 5546 289 5612 queritis
303 5544 389 5600 modis
402 5544 476 5599 urulti
493 5544 586 5600 Patres
599 5544 677 5599 latius
691 5543 873 5615 prolixiusque
886 5546 962 5601 dixe·
1018 5543 1175 5599 l’saltesium
1198 5555 1307 5612 quartus
1331 5545 1413 5600 codes
1437 5547 1472 5599 sit
1501 5546 1597 5601 dicium
1623 5549 1803 5615 auctoritatis,

176 5646 249 5702 rrrnt,
264 5651 377 5706 quorum
399 5635 507 5691 nomina
530 5635 557 5690 in
572 5623 649 5690 libris
663 5635 864 5692 introductoriis
890 5652 964 5693 corrr-
1017 5636 1130 5704 primurn
1143 5645 1231 5689 tannu
1243 5637 1341 5690 tirones
1352 5636 1508 5692 inclinantes
1523 5640 1673 5709 scripturas
1683 5647 1803 5704 saucias,

177 5725 353 5783 memoranda
378 5725 573 5798 perspeximus.
607 5723 660 5782 snt
686 5724 744 5782 ieris
770 5724 821 5782 iste
848 5726 964 5786 coelestis
1019 5728 1080 5784 inde
1096 5725 1200 5797 legendi
1215 5725 1313 5782 iaciunt
1323 5724 1449 5783 decenter
1463 5727 1579 5788 initium.
