3794 6128
112 298 186 359 {305

843 298 891 357 bs
908 298 1026 357 Alifflb.

1678 303 1748 360 {5⁰6

112 411 233 473 nirabill
251 412 429 482 suspensione
443 412 610 480 consolidat,
631 420 719 469 terras
732 423 815 483 super
827 426 902 469 nare
915 414 1139 484 supponuntur.
1152 412 1247 479 Serto,
1260 413 1296 471 de
1314 413 1459 472 virtutibus
1472 415 1570 472 animoa
1581 415 1748 475 naturalibus

113 505 183 583 [ιιι.
196 503 287 577 mane}
299 503 454 574 dedgit,dat
464 504 583 561 lontibus
595 517 717 569 cursum,
729 502 797 558 mari
812 506 905 559 tertul-

113 611 180 653 num
193 596 277 667 pouit,
288 608 400 651 amenus
410 602 545 662 coruscat,
555 595 616 667 pius
626 593 760 660 lulminnt,
770 594 822 649 ima
833 609 907 650 sum·

114 703 215 761 suaque
226 685 366 756 umentia
383 701 439 742 sua
454 687 513 758 lege
527 688 701 754 moderatum
714 687 828 754 scilicet,
844 688 908 759 quia

113 779 144 835 lu
158 777 352 850 gubernatione
366 778 449 848 ipsius
463 780 615 834 consistunt
629 778 731 846 omnia,
746 795 799 834 nnn
815 779 842 836 in
857 792 908 834 sun

114 885 198 943 posse
210 871 347 929 derelicta.
371 869 497 926 irascitur
509 871 641 941 placidus,
656 871 760 942 judicat
776 871 908 943 tranquil·

115 963 171 1033 lus,
184 973 212 1018 et
233 964 291 1019 sine
305 963 482 1019 mutabilitate
496 964 554 1033 eius
573 964 715 1034 provenit,
737 963 809 1034 guod
823 962 909 1018 delin-

116 1055 258 1126 quentium
280 1064 372 1111 reatus
384 1057 509 1126 excipiet.
525 1057 624 1113 Remus
639 1055 816 1111 humanarum
831 1054 910 1111 ratde

119 1145 274 1213 miserator,
290 1147 428 1202 conversis
447 1147 536 1203 statim
560 1162 689 1218 parcens,
706 1156 850 1218 peccantes
864 1163 912 1202 ex·

117 1237 271 1307 spectando
282 1238 465 1309 recorrigens;
476 1248 504 1295 et
514 1254 574 1294 cum
587 1239 639 1310 pati
654 1239 689 1294 nil
702 1239 787 1309 possit
800 1246 909 1295 contra·

117 1327 205 1396 mum,
221 1342 317 1399 magna
331 1328 471 1385 tolerantia
483 1337 615 1385 sustentat
628 1328 785 1387 adeersum.

155 1440 317 1507 Quantulum
334 1449 376 1496 est
393 1439 462 1512 quod
478 1440 521 1496 bic
534 1440 568 1497 de
582 1439 628 1496 illa
648 1439 835 1497 instabilitate
849 1454 912 1496 sen-

119 1528 221 1587 timusl
235 1528 273 1588 lbi
290 1531 369 1602 piene
384 1533 571 1602 cognoscimus
584 1547 664 1602 quam
678 1532 800 1602 subiecta
815 1532 871 1586 sint
884 1532 911 1586 in

117 1630 267 1691 conspectu
279 1623 373 1694 glorta
386 1623 455 1693 ejus,
467 1638 527 1694 qua
541 1623 680 1690 miramur,
694 1623 736 1678 cui
748 1622 850 1692 prabet
859 1621 912 1676 mi·

957 519 1011 561 uon
1025 517 1108 573 pauca
1132 502 1253 573 prolessa
1268 503 1333 578 [ed.,
1348 505 1469 577 prolusa]
1480 516 1553 561 sunt.
1567 507 1699 578 Septimo,
1712 508 1748 565 da

956 589 1059 662 origine
1073 592 1148 662 eius,
1163 608 1223 664 gum
1239 602 1303 650 sunt
1324 593 1405 662 lecta,
1421 597 1601 653 narravimus.
1628 598 1748 667 Oetaeo,

956 684 1049 739 amem
1071 685 1154 754 ipsius
1177 684 1361 758 judiciumque
1383 687 1587 759 descripsimus.
1604 687 1692 755 Nono,
1714 688 1749 747 da

956 777 1079 846 eorporis
1094 780 1179 833 nostri
1192 779 1325 849 positione
1333 780 1399 853 [ed.,
1408 780 1597 856 dispositione]
1607 790 1750 838 trecentum

957 876 1012 925 est.
1030 869 1151 938 becimo,
1165 871 1254 925 anima
1268 870 1385 929 inddelis
1406 888 1467 929 cunr
1488 874 1542 929 suis
1556 875 1640 947 signis
1660 873 1752 947 (prout

959 973 1118 1016 concessum
1134 960 1252 1033 ridetur)
1266 971 1374 1018 osterna
1389 970 1442 1021 est.
1460 964 1618 1032 Undecimo,
1635 965 1751 1023 lucidam

958 1061 1077 1108 stentem
1086 1060 1115 1108 ει
1129 1052 1234 1122 pienum
1249 1053 1396 1110 diuinitatis
1409 1069 1458 1125 pro
1473 1066 1553 1123 captu
1572 1066 1671 1112 nostrae
1690 1071 1752 1127 pos-

958 1140 1097 1198 sibilitatis
1109 1143 1258 1214 attigimus.
1270 1142 1444 1212 Duodecimn,
1458 1146 1491 1202 de
1504 1161 1553 1215 spe
1569 1146 1650 1202 luturi
1661 1147 1753 1203 sacrrll

960 1235 1089 1290 nonnulla
1116 1234 1243 1307 (Domine
1271 1236 1414 1309 largiente)
1440 1248 1587 1294 memorata
1615 1250 1697 1306 sum;
1723 1251 1752 1297 ut

959 1340 1040 1396 guam
1054 1326 1233 1393 immortalem
1242 1328 1389 1395 eredimus,
1401 1319 1535 1400 perennes
1548 1330 1752 1390 distributiones

961 1418 1136 1475 uilrilominus
1149 1419 1249 1477 habere
1263 1423 1423 1478 sentiamus.

997 1511 1148 1569 Cicurinus
1169 1513 1261 1585 itaque
1276 1524 1399 1569 nostrum
1426 1515 1615 1570 munusculum
1641 1529 1755 1572 numero

962 1602 1137 1668 duodenario,
1155 1603 1202 1673 gni
1217 1603 1302 1660 coelos
1317 1605 1454 1675 signorum
1472 1605 1628 1660 diversitate
1642 1604 1756 1662 decors·
1820 1674 1825 1683 Ι

118 1711 263 1768 misterium
285 1713 405 1784 angelica
422 1714 590 1785 magnitudo,
605 1714 766 1769 charissimo
779 1713 913 1768 lamulau·
963 1692 1012 1759 ’ἣν
1028 1693 1073 1763 gui
1089 1709 1188 1750 ²⁰⁰⁰!ss
1202 1694 1359 1750 messilffiifi
1378 1705 1519 1751 lilium
1533 1695 1694 1765 ⁰⁰¹¹¹l>⁰⁸¹¹ib
1708 1696 1754 1766 (lli

117 1811 165 1860 u,
176 1804 274 1859 mem
294 1806 457 1875 mmmm,
471 1806 617 1876 obsequio,
633 1806 846 1862 innumerabile,
862 1821 906 1877 1³⁰·
929 1792 1059 1859 grentes
1073 1783 1236 1855 principales
1259 1794 1374 1841 terreum
1390 1785 1545 1856 indigentia
1567 1785 1677 1856 prouida
1699 1786 1755 1841 dis-

117 1901 232 1950 mm
247 1893 360 1951 flggpgef
372 1906 399 1952 οἱ
412 1904 568 1952 consume,
581 1896 721 1964 obediunt,
736 1912 790 1967 qm,
804 1911 912 1966 sempe,
965 1875 1098 1945 positione
1110 1876 1262 1944 coracessii,
1279 1877 1324 1949 gui
1337 1878 1389 1935 disi
1413 1878 1553 1948 noctisque
1570 1879 1655 1946 spatia
1671 1879 1754 1934 bora·

118 1983 222 2055 fingam
237 1986 338 2056 qumis
353 1986 514 2044 memmi,
532 1990 707 2044 summimus·
721 1989 793 2057 Qum
805 1989 862 2060 jam
878 1990 912 2045 d„
963 1981 1022 2022 turn
1034 1983 1151 2040 congrua
1161 1969 1310 2041 quantitate
1318 1970 1455 2037 divisit,ut
1468 1971 1562 2025 merito
1573 1980 1601 2025 et
1612 1969 1645 2025 ad
1659 1971 1756 2026 autimas

119 2074 182 2145 eins
192 2076 320 2146 singulari
333 2079 454 2148 potentia
467 2079 656 2149 conjiciamus,
668 2080 774 2151 girando
788 2095 838 2135 nee
848 2079 913 2135 iliud
964 2060 1185 2119 ⁶5¹⁰⁰¹i¹²¹5⁰¹l⁰ffl
1197 2063 1255 2118 hili
1267 2063 1420 2134 ⁸¹¹iil³¹¹¹⁸¹5⁰
1430 2062 1611 2130 'dbillflleffll'r
1624 2077 1684 2132 quae
1696 2070 1756 2117 ⁸³¹¹·

118 2165 202 2223 ΜΟ
224 2168 454 2238 comprehendere
481 2172 649 2238 maneamus,
673 2171 745 2242 ,mog
768 2173 793 2228 eg
820 2188 914 2242 pm„
964 2159 1051 2208 tarum
1071 2167 1162 2209 rerum
1182 2154 1344 2210 naturalium
1365 2153 1591 2225 dispositionibus
1615 2168 1757 2211 consecra·

119 2271 202 2328 posse
215 2259 325 2316 mlnirne
336 2259 508 2319 dubitamus?
520 2263 596 2318 Tunc
607 2264 712 2319 liberati
726 2264 912 2336 intelligimus,

121 2347 168 2405 eui
180 2347 321 2405 dementes
337 2353 464 2408 resistere
479 2352 668 2409 tentabamus:
684 2353 718 2408 ad
733 2369 794 2425 gum
808 2356 914 2426 magni·

121 2442 173 2499 lica
185 2445 334 2512 prouocati,
347 2446 445 2516 quibus
459 2447 619 2503 videbamur
637 2447 761 2504 sordibus
774 2447 913 2518 occupari.

120 2533 191 2591 illud
204 2537 245 2591 rel
260 2536 286 2590 iu
300 2550 438 2593 momento
453 2539 544 2594 ridere
571 2538 719 2605 sufficeret,
739 2539 810 2609 qrrod
825 2554 874 2594 nos
888 2541 915 2594 in

119 2636 252 2684 oeternum
266 2630 401 2700 promittit
422 2632 523 2686 ueritas
542 2631 651 2686 intueri.
669 2631 726 2686 illic
745 2631 916 2686 conuincitur

120 2720 212 2777 omnis
227 2722 344 2792 prauitas
364 2725 555 2793 quaestionum
578 2723 631 2779 illic
647 2722 716 2777 male
727 2722 830 2777 credita
845 2721 916 2778 veri-

121 2813 188 2869 tatis
211 2813 295 2884 ipsius
319 2829 384 2871 soce
409 2824 607 2885 superantur&
623 2814 688 2871 Sine
709 2815 761 2870 llne
785 2830 914 2884 regnum,

119 2903 182 2960 sine
196 2914 274 2960 nocte
287 2904 343 2972 lus,
356 2905 415 2961 sinc
428 2904 499 2962 vitiis
510 2920 619 2976 congrus,
631 2906 690 2962 siue
703 2904 834 2960 mortibus
847 2905 912 2970 rira;

121 3003 152 3052 ct
164 3009 225 3051 cunt
239 2997 330 3052 omnia
345 2996 496 3069 dirigantur
509 2997 542 3052 ad
556 3008 699 3063 aternum,
712 2996 799 3052 solum
810 2997 846 3053 ibi
857 3012 916 3053 mo·

122 3087 210 3145 ιὶειιι
222 3088 345 3144 esitium.
365 3089 488 3160 llagnum
511 3099 553 3145 est
574 3090 616 3145 bis
636 3089 748 3160 perirui,
764 3090 810 3145 sed
833 3090 917 3146 multo

122 3179 231 3247 melius,
245 3180 317 3249 guod
339 3180 402 3237 inde
416 3196 468 3237 nos
485 3181 612 3252 probetur
626 3181 706 3237 eniri.
725 3180 842 3237 Vincunt
855 3190 917 3236 sota
931 3169 954 3235 C

123 3271 172 3344 gui
192 3282 323 3329 secantur
344 3275 378 3329 ad
398 3274 519 3344 prumia.
547 3273 622 3330 Tunc
648 3289 715 3330 rere
737 3281 915 3345 eugrroseunt,

123 3364 208 3436 039
219 3378 299 3433 quam
315 3365 430 3422 leliriter
443 3365 528 3421 creati
552 3374 624 3427 sunt.
641 3365 686 3436 qui
700 3363 734 3419 ad
749 3373 802 3419 tam
820 3377 917 3432 magna

125 3457 310 3525 pervenerint.
334 3454 358 3512 0
374 3456 654 3527 incomprehensibilis
675 3457 802 3525 majestas
816 3466 844 3511 et
858 3456 916 3524 pie·

124 3548 183 3602 tasi
195 3546 261 3602 Nam
272 3551 344 3605 inter
366 3564 451 3618 opera
468 3564 569 3613 rerum,
584 3548 680 3618 quibus
695 3547 918 3604 nundinatius

965 2250 1022 2299 tur.

1001 2335 1094 2392 Restat
1107 2351 1188 2403 nunc,
1203 2337 1397 2408 sapientissimi
1419 2337 1489 2405 viri,
1505 2338 1549 2409 qul
1565 2337 1668 2394 libretis
1682 2337 1757 2409 inge·

965 2425 1021 2493 nlo,
1034 2435 1063 2482 ut
1073 2427 1145 2483 mole
1166 2429 1242 2484 istius
1254 2427 1346 2484 muudi
1359 2428 1503 2484 salubriter
1515 2428 1580 2502 [ed.,
1593 2429 1758 2504 salutariter]

966 2518 1109 2585 transilita,
1123 2519 1220 2575 dirime
1236 2519 1430 2575 miserIcordim
1442 2519 1759 2590 nosmetipsosselociter

967 2607 1125 2677 oderamus,
1142 2625 1283 2680 perquam
1306 2611 1461 2680 plenissime
1482 2611 1671 2667 illuminantur
1684 2611 1760 2683 cogi·

967 2696 1050 2760 tantis
1064 2698 1182 2754 obtutus.
1199 2698 1384 2768 intelligamus
1402 2714 1475 2767 eum,
1491 2698 1634 2768 diligamus
1649 2700 1757 2768 ipsum;

966 2797 995 2845 et
1008 2797 1072 2844 tunc
1083 2789 1185 2843 animas
1199 2797 1305 2844 nostras
1320 2776 1631 2859 verecogn'nscimus,.sl
1644 2787 1760 2843 duillius

967 2878 1090 2951 largitate
1104 2879 1249 2950 sapiamus.
1265 2878 1324 2950 lpse
1340 2880 1412 2936 enim
1425 2879 1554 2950 magister
1568 2887 1664 2950 potens
1679 2888 1760 2948 atque

968 2970 1102 3042 perlectus
1123 2978 1176 3037 est,
1204 2970 1249 3041 qui
1274 2978 1301 3024 et
1328 2984 1392 3026 vera
1406 2967 1473 3025 dicit
1494 2970 1592 3024 snimae
1607 2977 1717 3033 nostra,
1733 2977 1761 3023 et

968 3077 1029 3133 quaa
1043 3063 1154 3128 dixerit,
1166 3077 1226 3118 eam
1242 3061 1305 3117 lacit
1319 3061 1470 3116 illuminata
1486 3070 1578 3117 mente
1589 3061 1758 3131 conspicere.

968 3149 999 3209 lu
1013 3152 1105 3209 sebnia
1119 3153 1251 3224 siquidem
1262 3153 1365 3208 Cbristi
1379 3167 1426 3208 cnr
1441 3152 1584 3209 indocibile
1604 3167 1656 3207 non
1671 3160 1762 3222 potest

967 3242 1092 3308 iasenlri,
1105 3243 1231 3313 guerriam
1251 3245 1297 3314 gui
1324 3257 1354 3300 sc
1373 3242 1397 3299 ci
1418 3241 1589 3300 tutamentis
1608 3242 1762 3313 integritate

969 3334 1128 3400 tradiderit,
1150 3346 1202 3388 uec
1220 3332 1345 3403 ignorare
1365 3342 1453 3402 potest
1476 3332 1547 3403 quod
1575 3333 1684 3404 qrraeris,
1709 3345 1761 3388 uec

968 3426 1092 3483 atrrittere
1104 3427 1174 3496 guod
1187 3428 1228 3497 pia
1242 3427 1462 3484 remuneratione
1477 3427 1639 3497 susceperit:

1005 3540 1048 3596 Fit
1060 3555 1125 3612 crgo
1136 3556 1242 3612 magna,
1257 3540 1384 3611 pretiosa,
1400 3537 1475 3594 dircs
1491 3539 1590 3605 anima,
1604 3550 1665 3593 cum
1679 3551 1709 3593 se
1723 3552 1759 3593 ex

125 3637 229 3708 opillcis
254 3639 333 3695 laude
357 3641 525 3710 completur,
547 3638 613 3694 nibil
641 3638 765 3708 egregius
789 3638 918 3707 probatur
970 3633 1079 3701 proprio
1089 3647 1234 3702 pauperem
1257 3645 1318 3686 esse
1330 3630 1489 3701 cognoscit3
1515 3637 1621 3699 potens,
1637 3626 1661 3684 si
1681 3626 1764 3683 lruuri·

125 3727 253 3797 esistere,
268 3745 349 3801 guam
361 3728 518 3785 substantias
532 3727 747 3800 spiritalesque
762 3726 918 3785 Creatorem
969 3722 1070 3781 litatem
1091 3722 1296 3780 salrrberrimam
1312 3737 1366 3777 nou
1383 3721 1515 3787 declinet;
1534 3719 1688 3776 felicissima
1701 3718 1762 3791 [ins.

126 3840 209 3883 suun
229 3841 294 3898 pura
309 3836 400 3882 mente
411 3832 558 3882 noscuntur
576 3824 706 3896 cogitare.
723 3822 835 3891 Reliqua
847 3822 919 3877 enim
969 3816 1050 3881 dud„
1068 3811 1238 3885 ildelisslrna]
1252 3813 1378 3884 denique,
1403 3813 1425 3867 si
1450 3821 1542 3868 servet
1557 3810 1584 3866 in
1599 3826 1681 3867 carne
1700 3826 1762 3880 quac

127 3916 197 3976 laeta
225 3918 344 3976 suntad
370 3918 574 3988 intelligentium
611 3915 834 3982 delectationem,
862 3913 921 3969 baec
971 3910 997 3965 in
1012 3910 1114 3966 aethere
1125 3906 1234 3979 superbi
1250 3905 1338 3979 angeli
1362 3905 1509 3976 probantur
1524 3903 1657 3958 amisisse.
1678 3898 1720 3956 Ad
1737 3909 1763 3957 te

128 4021 220 4068 autern
240 4011 274 4066 ad
295 4025 372 4067 suam
397 4011 686 4080 beatitudinemque
706 4015 851 4065 veneratur
873 4020 921 4061 au·
972 4003 1056 4070 enim,
1070 4010 1163 4059 sancte
1179 4001 1301 4066 bomine,
1327 4012 1406 4055 nemo
1420 4011 1451 4054 sa
1473 3994 1601 4068 erigendo
1615 3993 1761 4066 pervenite

126 4109 242 4160 dorem.

163 4214 281 4286 Tempus
291 4223 333 4272 est
346 4225 375 4272 ut
386 4215 566 4288 questionum
577 4212 705 4267 uarietate
714 4209 822 4266 dimissa
839 4207 918 4282 [sorte

126 4303 274 4378 demessa]
306 4306 438 4362 dictorum
463 4303 676 4374 copiosissimam
702 4301 862 4357 densitatem
893 4300 919 4354 in

129 4396 289 4467 quibusdam
316 4394 459 4466 manipulis
473 4395 650 4465 colligamus;
674 4401 703 4448 ut
730 4390 802 4447 ddeli
816 4388 921 4446 calculo

133 4492 274 4541 numerata
301 4484 404 4541 horreis
427 4483 563 4540 memorie
578 4482 768 4553 compendiosa
790 4480 920 4534 brevitate

133 4576 294 4634 corruantur.
311 4577 401 4633 Primo
414 4577 502 4648 igitur,
515 4585 545 4630 ut
560 4573 693 4636 retirretis,
707 4570 846 4627 auditores
857 4569 918 4644 [ms.

969 4095 1034 4166 guin
1048 4094 1138 4165 potius
1159 4090 1315 4147 humiliatus
1329 4087 1460 4144 ascendit.
1476 4087 1542 4142 Cum
1558 4085 1704 4140 altissimus
1715 4082 1763 4150 sis,

974 4185 1124 4256 proximior
1149 4181 1272 4238 redderis
1293 4179 1488 4250 supplicatione
1514 4177 1640 4233 curvatis.
1668 4175 1763 4231 Nostra

972 4276 1019 4333 tibi
1034 4274 1169 4332 burrrilitas
1182 4283 1290 4344 accepta
1303 4279 1354 4328 est.
1370 4272 1451 4326 limas
1463 4270 1533 4340 guod
1548 4276 1658 4340 propter
1670 4276 1696 4322 ιε
1707 4280 1760 4320 rron

971 4369 1081 4439 guaris,
1101 4365 1240 4422 desideras
1264 4375 1318 4434 qun
1342 4376 1395 4415 non
1421 4359 1535 4431 indiges.
1552 4357 1610 4430 lpsa
1625 4366 1667 4415 est
1690 4355 1763 4413 enim

970 4463 1032 4517 sitm
1058 4466 1158 4514 nostrae
1180 4465 1273 4522 mater,
1297 4467 1425 4524 germana
1445 4450 1595 4517 charitatis,
1621 4446 1762 4503 astruentis

934 4535 960 4596 ⁰
971 4551 1070 4607 animae
1080 4548 1215 4620 singulare
1226 4544 1390 4616 presidium,
1401 4542 1537 4598 contraria
1548 4537 1764 4610 debellatrisgue

132 4668 217 4733 nm„
232 4666 378 4740 saturnu]
391 4665 602 4737 prudentissimi,
615 4663 723 4735 propria
735 4661 787 4718 utu
801 4661 919 4716 animam
970 4638 1118 4711 snperbiam
1134 4628 1758 4735 rtsiculisuerlisbolumtriaocriminun.

133 4759 305 4834 etymologiae
318 4759 402 4831 ipsius
416 4759 609 4815 consonatione
626 4756 766 4812 docuimus
783 4771 790 4808 ι
806 4767 920 4824 seques·
971 4735 1009 4790 ¹¹¹
1020 4734 1070 4790 5⁸⁸⁸
1084 4745 1132 4802 W
1145 4739 1172 4788 ¹0
1186 4728 1307 4785 imiimi
1318 4725 1378 4782 f⁰¹¹⁸
1392 4739 1453 4781 ⁰⁸⁸⁸
1463 4730 1607 4778 'millum-

133 4859 237 4906 tnrrtes
248 4852 282 4906 ab
302 4866 334 4907 ea
349 4851 477 4906 uocabula
504 4865 564 4921 gum
589 4849 726 4904 nominum
741 4843 921 4904 similitudine
1008 4846 1082 4901 lianc
1095 4855 1133 4908 tu,
1149 4841 1261 4897 bomine
1273 4839 1395 4905 Christe,
1411 4836 1451 4893 sic
1472 4833 1617 4890 nobilitare
1633 4829 1760 4896 soluisti,

134 4943 278 4999 audientes
303 4944 467 4999 coniundere
490 4951 643 5014 potuerunt.
670 4939 804 5008 Secundo,
824 4938 920 4994 deilui·
971 4946 1002 4995 ut
1011 4953 1069 4994 mm
1086 4951 1138 4991 nun
1151 4935 1238 4991 solum
1250 4933 1416 5004 precipere,
1442 4928 1490 4984 sed
1513 4926 1594 4983 etiam
1623 4924 1765 4995 suscipens

130 5031 232 5090 tionem
246 5035 404 5091 substantiae
415 5035 494 5105 irrrjus
511 5050 571 5090 eum
583 5033 641 5089 suis
654 5032 879 5103 expositionibus,
890 5039 921 5086 ut
972 5028 1132 5102 dignareris.
1147 5026 1260 5083 Subiisti
1274 5025 1374 5095 quippe
1388 5025 1415 5079 in
1427 5030 1564 5090 assumpta
1583 5017 1700 5074 bominis
1716 5030 1766 5071 ua·

129 5127 220 5183 datum
235 5138 351 5194 constat,
376 5127 549 5183 absolvimus.
572 5126 675 5194 Tertio,
699 5125 733 5179 de
751 5122 921 5180 substantiali
972 5131 1031 5178 tura
1043 5121 1183 5192 judicium,
1197 5119 1242 5189 qui
1263 5115 1430 5182 judicaturus
1451 5127 1481 5168 es
1503 5109 1652 5174 mundum;
1677 5117 1765 5162 entus

128 5217 190 5289 ejus
199 5219 328 5289 qualitate
342 5218 484 5275 decursum
499 5227 551 5274 est.
573 5217 686 5285 Quarto,
713 5214 921 5271 usoustrasimus
972 5229 1002 5271 es
1014 5211 1137 5280 tagetlts,
1150 5210 1194 5282 qui
1207 5208 1309 5265 exaltas
1320 5216 1349 5262 et
1365 5201 1493 5260 bumilias
1511 5214 1606 5271 regus3
1631 5196 1765 5268 pertulisti

129 5313 355 5383 quaemadmodum
380 5312 468 5368 anima
495 5313 608 5369 iormam
625 5311 724 5367 trabere
752 5325 805 5366 non
822 5308 919 5379 possit.
972 5307 999 5363 lu
1014 5303 1109 5359 faciem
1121 5301 1230 5357 odiosos
1241 5305 1389 5365 consputus
1404 5293 1464 5366 [rna.
1480 5290 1563 5356 arro„
1577 5287 1685 5343 odiosas
1700 5284 1764 5341 irri-

129 5403 242 5474 erirrto,
256 5405 370 5461 virtutes
382 5404 441 5474 ejus
453 5403 569 5459 morales
581 5403 675 5459 relatae
689 5410 762 5466 sunt,
782 5416 842 5472 gum
859 5414 921 5456 con·
972 5392 1084 5468 siorres],
1101 5410 1182 5465 quam
1194 5391 1379 5449 insatiabiliter
1397 5386 1488 5442 sidere
1502 5385 1611 5453 cupiunt
1628 5376 1764 5481 angelitlp

130 5508 173 5554 tra
189 5495 251 5550 siria
268 5495 347 5568 hujus
369 5496 461 5552 sacculi
485 5496 557 5551 reiut
579 5493 700 5566 quaedam
722 5506 796 5548 arura
812 5489 919 5546 fortiter
972 5487 1035 5543 ielle
1051 5494 1156 5556 potatus
1182 5498 1224 5550 es,
1250 5480 1295 5554 qui
1311 5479 1457 5534 humanum
1479 5486 1563 5546 gonus
1582 5471 1621 5526 sic
1647 5469 1764 5525 luabmsts

133 5726 182 5847 m·
199 5717 261 5776 liss-
283 5713 629 5782 sacerdossacerdo
649 5712 729 5784 ipsius
750 5711 816 5783 socie
832 5708 919 5780 operi·
977 5705 1041 5843 wli,
1052 5703 1099 5761 lis.
1122 5702 1197 5772 lud,
1221 5703 1264 5773 gui
1284 5704 1383 5756 insui...
1404 5698 1483 5755 rideri
1498 5694 1697 5754 desiderorium
1717 5712 1764 5749 un-
