<?xml version="1.0" encoding="UTF-8"?>
<!DOCTYPE html PUBLIC "-//W3C//DTD XHTML 1.0 Transitional//EN"
    "http://www.w3.org/TR/xhtml1/DTD/xhtml1-transitional.dtd">
<html xmlns="http://www.w3.org/1999/xhtml" xml:lang="en" lang="en">
 <head>
  <title>
</title>
<meta http-equiv="Content-Type" content="text/html;charset=utf-8" />
  <meta name='ocr-system' content='tesseract 3.04.00' />
  <meta name='ocr-capabilities' content='ocr_page ocr_carea ocr_par ocr_line ocrx_word'/>
</head>
<body>
  <div class='ocr_page' id='page_1' title='image "./patrologiaecurs27goog/patrologiaecurs27goog_0540.png"; bbox 0 0 3794 6128; ppageno 0'>
   <div class='ocr_carea' id='block_1_1' title="bbox 123 280 191 340">
    <p class='ocr_par' dir='ltr' id='par_1_1' title="bbox 123 280 191 340">
     <span class='ocr_line' id='line_1_1' title="bbox 123 280 191 340; baseline -0.059 0"><span class='ocrx_word' id='word_1_1' title='bbox 123 280 191 340; x_wconf 70' lang='lat' dir='ltr'>tnta</span> 
     </span>
    </p>
   </div>
   <div class='ocr_carea' id='block_1_2' title="bbox 569 272 1331 333">
    <p class='ocr_par' dir='ltr' id='par_1_2' title="bbox 569 272 1331 333">
     <span class='ocr_line' id='line_1_2' title="bbox 569 272 1331 333; baseline -0.007 0"><span class='ocrx_word' id='word_1_2' title='bbox 569 274 751 333; x_wconf 78' lang='lat' dir='ltr'>exeusttto</span> <span class='ocrx_word' id='word_1_3' title='bbox 772 275 804 331; x_wconf 76' lang='lat' dir='ltr'>tat</span> <span class='ocrx_word' id='word_1_4' title='bbox 824 272 1052 331; x_wconf 68' lang='lat' dir='ltr'>estuttettttttt.</span> <span class='ocrx_word' id='word_1_5' title='bbox 1075 272 1172 330; x_wconf 57' lang='lat' dir='ltr'>Psalle</span> <span class='ocrx_word' id='word_1_6' title='bbox 1194 273 1331 330; x_wconf 74' lang='lat' dir='ltr'>cuttttt.</span> 
     </span>
    </p>
   </div>
   <div class='ocr_carea' id='block_1_3' title="bbox 1692 280 1761 337">
    <p class='ocr_par' dir='ltr' id='par_1_3' title="bbox 1692 280 1761 337">
     <span class='ocr_line' id='line_1_3' title="bbox 1692 280 1761 337; baseline 0 -2"><span class='ocrx_word' id='word_1_7' title='bbox 1692 280 1761 337; x_wconf 83' lang='lat' dir='ltr'>tete</span> 
     </span>
    </p>
   </div>
   <div class='ocr_carea' id='block_1_4' title="bbox 120 367 1765 465">
    <p class='ocr_par' dir='ltr' id='par_1_4' title="bbox 120 367 1765 465">
     <span class='ocr_line' id='line_1_4' title="bbox 120 367 1765 465; baseline 0.001 -17"><span class='ocrx_word' id='word_1_8' title='bbox 120 367 237 449; x_wconf 83' lang='lat' dir='ltr'>mirabili</span> <span class='ocrx_word' id='word_1_9' title='bbox 256 388 369 445; x_wconf 78' lang='lat' dir='ltr'>tussibus</span> <span class='ocrx_word' id='word_1_10' title='bbox 380 388 437 444; x_wconf 90' lang='lat' dir='ltr'>suis</span> <span class='ocrx_word' id='word_1_11' title='bbox 453 387 488 443; x_wconf 92' lang='lat' dir='ltr'>ita</span> <span class='ocrx_word' id='word_1_12' title='bbox 505 388 653 458; x_wconf 90' lang='lat' dir='ltr'>ingentium</span> <span class='ocrx_word' id='word_1_13' title='bbox 668 387 818 443; x_wconf 79' lang='lat' dir='ltr'>belluarum</span> <span class='ocrx_word' id='word_1_14' title='bbox 834 400 918 440; x_wconf 90' lang='lat' dir='ltr'>mem·</span> <span class='ocrx_word' id='word_1_15' title='bbox 934 389 956 447; x_wconf 79' lang='grc' dir='ltr'>Α</span> <span class='ocrx_word' id='word_1_16' title='bbox 972 396 1074 441; x_wconf 84' lang='lat' dir='ltr'>terrum.</span> <span class='ocrx_word' id='word_1_17' title='bbox 1089 387 1120 442; x_wconf 80' lang='lat' dir='ltr'>Et</span> <span class='ocrx_word' id='word_1_18' title='bbox 1143 387 1186 442; x_wconf 87' lang='lat' dir='ltr'>lrie</span> <span class='ocrx_word' id='word_1_19' title='bbox 1202 403 1308 458; x_wconf 89' lang='lat' dir='ltr'>qnoque</span> <span class='ocrx_word' id='word_1_20' title='bbox 1330 387 1403 443; x_wconf 70' lang='lat' dir='ltr'>laert&lt;</span> <span class='ocrx_word' id='word_1_21' title='bbox 1420 403 1452 444; x_wconf 79' lang='lat' dir='ltr'>ex</span> <span class='ocrx_word' id='word_1_22' title='bbox 1469 391 1664 460; x_wconf 76' lang='lat' dir='ltr'>magnificentia</span> <span class='ocrx_word' id='word_1_23' title='bbox 1680 394 1765 465; x_wconf 83' lang='lat' dir='ltr'>ipsius</span> 
     </span>
    </p>
   </div>
   <div class='ocr_carea' id='block_1_5' title="bbox 120 479 926 1566">
    <p class='ocr_par' dir='ltr' id='par_1_5' title="bbox 120 479 926 1566">
     <span class='ocr_line' id='line_1_5' title="bbox 121 479 919 553; baseline -0.014 -9"><span class='ocrx_word' id='word_1_24' title='bbox 121 486 168 544; x_wconf 84' lang='lat' dir='ltr'>ltro</span> <span class='ocrx_word' id='word_1_25' title='bbox 185 483 356 553; x_wconf 70' lang='lat' dir='ltr'>constringit,</span> <span class='ocrx_word' id='word_1_26' title='bbox 374 491 402 536; x_wconf 93' lang='lat' dir='ltr'>ut</span> <span class='ocrx_word' id='word_1_27' title='bbox 417 481 458 538; x_wconf 87' lang='lat' dir='ltr'>eis</span> <span class='ocrx_word' id='word_1_28' title='bbox 475 481 600 551; x_wconf 88' lang='lat' dir='ltr'>spiritum</span> <span class='ocrx_word' id='word_1_29' title='bbox 613 480 720 535; x_wconf 79' lang='lat' dir='ltr'>vitalem</span> <span class='ocrx_word' id='word_1_30' title='bbox 732 480 805 536; x_wconf 80' lang='lat' dir='ltr'>uelut</span> <span class='ocrx_word' id='word_1_31' title='bbox 821 479 919 533; x_wconf 86' lang='lat' dir='ltr'>muscis</span> 
     </span>
     <span class='ocr_line' id='line_1_6' title="bbox 120 560 918 649; baseline -0.018 -12"><span class='ocrx_word' id='word_1_32' title='bbox 120 560 228 649; x_wconf 71' lang='lat' dir='ltr'>(stipat.</span> <span class='ocrx_word' id='word_1_33' title='bbox 244 576 410 648; x_wconf 68' lang='lat' dir='ltr'>abyssorum</span> <span class='ocrx_word' id='word_1_34' title='bbox 423 587 498 639; x_wconf 85' lang='lat' dir='ltr'>vero,</span> <span class='ocrx_word' id='word_1_35' title='bbox 517 573 598 629; x_wconf 88' lang='lat' dir='ltr'>idest</span> <span class='ocrx_word' id='word_1_36' title='bbox 613 573 777 627; x_wconf 86' lang='lat' dir='ltr'>marinorum</span> <span class='ocrx_word' id='word_1_37' title='bbox 791 570 918 624; x_wconf 87' lang='lat' dir='ltr'>ductuum</span> 
     </span>
     <span class='ocr_line' id='line_1_7' title="bbox 121 660 920 735; baseline -0.016 -9"><span class='ocrx_word' id='word_1_38' title='bbox 121 669 294 726; x_wconf 80' lang='lat' dir='ltr'>cnrrsiderata</span> <span class='ocrx_word' id='word_1_39' title='bbox 317 664 499 735; x_wconf 88' lang='lat' dir='ltr'>prolunditas,</span> <span class='ocrx_word' id='word_1_40' title='bbox 516 663 657 718; x_wconf 83' lang='lat' dir='ltr'>uniuersos</span> <span class='ocrx_word' id='word_1_41' title='bbox 672 661 753 717; x_wconf 87' lang='lat' dir='ltr'>debet</span> <span class='ocrx_word' id='word_1_42' title='bbox 776 660 920 715; x_wconf 69' lang='lat' dir='ltr'>rationales</span> 
     </span>
     <span class='ocr_line' id='line_1_8' title="bbox 124 752 922 824; baseline -0.013 -10"><span class='ocrx_word' id='word_1_43' title='bbox 124 761 158 815; x_wconf 86' lang='lat' dir='ltr'>ad</span> <span class='ocrx_word' id='word_1_44' title='bbox 174 760 266 813; x_wconf 87' lang='lat' dir='ltr'>landes</span> <span class='ocrx_word' id='word_1_45' title='bbox 279 757 383 812; x_wconf 79' lang='lat' dir='ltr'><strong>Domini</strong></span> <span class='ocrx_word' id='word_1_46' title='bbox 399 756 546 811; x_wconf 87' lang='lat' dir='ltr'>cetreitare.</span> <span class='ocrx_word' id='word_1_47' title='bbox 562 754 597 810; x_wconf 86' lang='lat' dir='ltr'>Et</span> <span class='ocrx_word' id='word_1_48' title='bbox 622 752 728 824; x_wconf 75' lang='lat' dir='ltr'>respice</span> <span class='ocrx_word' id='word_1_49' title='bbox 740 753 862 807; x_wconf 88' lang='lat' dir='ltr'>ordinem</span> <span class='ocrx_word' id='word_1_50' title='bbox 880 752 922 806; x_wconf 91' lang='lat' dir='ltr'>di-</span> 
     </span>
     <span class='ocr_line' id='line_1_9' title="bbox 123 841 922 925; baseline -0.016 -16"><span class='ocrx_word' id='word_1_51' title='bbox 123 851 222 925; x_wconf 82' lang='lat' dir='ltr'>etiqnis</span> <span class='ocrx_word' id='word_1_52' title='bbox 236 869 244 908; x_wconf 90' lang='lat'>:</span> <span class='ocrx_word' id='word_1_53' title='bbox 259 849 322 920; x_wconf 88' lang='lat' dir='ltr'>quia</span> <span class='ocrx_word' id='word_1_54' title='bbox 337 863 418 904; x_wconf 89' lang='lat' dir='ltr'>unam</span> <span class='ocrx_word' id='word_1_55' title='bbox 440 847 617 902; x_wconf 78' lang='lat' dir='ltr'>substantiam</span> <span class='ocrx_word' id='word_1_56' title='bbox 636 845 670 902; x_wconf 88' lang='lat' dir='ltr'>de</span> <span class='ocrx_word' id='word_1_57' title='bbox 683 843 866 906; x_wconf 85' lang='lat' dir='ltr'>sensibilibus,</span> <span class='ocrx_word' id='word_1_58' title='bbox 883 841 922 896; x_wconf 93' lang='lat' dir='ltr'>al-</span> 
     </span>
     <span class='ocr_line' id='line_1_10' title="bbox 125 935 923 1011; baseline -0.018 -8"><span class='ocrx_word' id='word_1_59' title='bbox 125 958 210 1003; x_wconf 86' lang='lat' dir='ltr'>teram</span> <span class='ocrx_word' id='word_1_60' title='bbox 234 945 268 999; x_wconf 87' lang='lat' dir='ltr'>tle</span> <span class='ocrx_word' id='word_1_61' title='bbox 283 941 488 998; x_wconf 69' lang='lat' dir='ltr'>insonabant</span> <span class='ocrx_word' id='word_1_62' title='bbox 511 942 610 1011; x_wconf 86' lang='lat' dir='ltr'>posuit,</span> <span class='ocrx_word' id='word_1_63' title='bbox 635 948 664 994; x_wconf 93' lang='lat' dir='ltr'>ut</span> <span class='ocrx_word' id='word_1_64' title='bbox 681 937 808 992; x_wconf 56' lang='lat' dir='ltr'>[terminus</span> <span class='ocrx_word' id='word_1_65' title='bbox 825 935 923 990; x_wconf 90' lang='lat' dir='ltr'>debeat</span> 
     </span>
     <span class='ocr_line' id='line_1_11' title="bbox 131 1028 922 1097; baseline -0.011 -8"><span class='ocrx_word' id='word_1_66' title='bbox 131 1038 253 1092; x_wconf 86' lang='lat' dir='ltr'>omnium</span> <span class='ocrx_word' id='word_1_67' title='bbox 268 1043 454 1090; x_wconf 85' lang='lat' dir='ltr'>ereaturarum</span> <span class='ocrx_word' id='word_1_68' title='bbox 471 1034 571 1088; x_wconf 87' lang='lat' dir='ltr'>virtute</span> <span class='ocrx_word' id='word_1_69' title='bbox 591 1031 704 1087; x_wconf 82' lang='lat' dir='ltr'>laudari.</span> <span class='ocrx_word' id='word_1_70' title='bbox 725 1028 777 1086; x_wconf 85' lang='lat' dir='ltr'>Sed</span> <span class='ocrx_word' id='word_1_71' title='bbox 796 1029 922 1097; x_wconf 89' lang='lat' dir='ltr'>quonlam</span> 
     </span>
     <span class='ocr_line' id='line_1_12' title="bbox 125 1123 923 1194; baseline -0.011 -10"><span class='ocrx_word' id='word_1_72' title='bbox 125 1129 287 1185; x_wconf 81' lang='lat' dir='ltr'>auctoritate</span> <span class='ocrx_word' id='word_1_73' title='bbox 302 1127 408 1181; x_wconf 77' lang='lat' dir='ltr'>Petrum</span> <span class='ocrx_word' id='word_1_74' title='bbox 423 1126 540 1180; x_wconf 81' lang='lat' dir='ltr'>diximus</span> <span class='ocrx_word' id='word_1_75' title='bbox 563 1126 633 1180; x_wconf 84' lang='lat' dir='ltr'>ltutrc</span> <span class='ocrx_word' id='word_1_76' title='bbox 649 1124 779 1193; x_wconf 76' lang='lat' dir='ltr'>pratorum</span> <span class='ocrx_word' id='word_1_77' title='bbox 795 1123 923 1194; x_wconf 81' lang='lat' dir='ltr'>lrgmuttm</span> 
     </span>
     <span class='ocr_line' id='line_1_13' title="bbox 126 1213 922 1289; baseline -0.016 -9"><span class='ocrx_word' id='word_1_78' title='bbox 126 1238 190 1280; x_wconf 81' lang='lat' dir='ltr'>ease</span> <span class='ocrx_word' id='word_1_79' title='bbox 201 1223 352 1283; x_wconf 86' lang='lat' dir='ltr'>beaterum,</span> <span class='ocrx_word' id='word_1_80' title='bbox 364 1221 409 1289; x_wconf 91' lang='lat' dir='ltr'>qni</span> <span class='ocrx_word' id='word_1_81' title='bbox 424 1229 484 1287; x_wconf 89' lang='lat' dir='ltr'>pest</span> <span class='ocrx_word' id='word_1_82' title='bbox 500 1217 580 1287; x_wconf 83' lang='lat' dir='ltr'>lurjus</span> <span class='ocrx_word' id='word_1_83' title='bbox 593 1216 686 1271; x_wconf 83' lang='lat' dir='ltr'>saecrtli</span> <span class='ocrx_word' id='word_1_84' title='bbox 697 1213 922 1286; x_wconf 89' lang='lat' dir='ltr'>permutationem</span> 
     </span>
     <span class='ocr_line' id='line_1_14' title="bbox 126 1305 924 1380; baseline -0.014 -10"><span class='ocrx_word' id='word_1_85' title='bbox 126 1321 252 1369; x_wconf 77' lang='lat' dir='ltr'>cantatur</span> <span class='ocrx_word' id='word_1_86' title='bbox 266 1328 274 1366; x_wconf 84' lang='lat' dir='ltr'>r</span> <span class='ocrx_word' id='word_1_87' title='bbox 289 1311 423 1365; x_wconf 82' lang='lat' dir='ltr'>dracones</span> <span class='ocrx_word' id='word_1_88' title='bbox 442 1317 470 1363; x_wconf 92' lang='lat' dir='ltr'>et</span> <span class='ocrx_word' id='word_1_89' title='bbox 485 1309 598 1380; x_wconf 80' lang='lat' dir='ltr'><strong>abyssos</strong></span> <span class='ocrx_word' id='word_1_90' title='bbox 622 1321 753 1377; x_wconf 88' lang='lat' dir='ltr'>personas</span> <span class='ocrx_word' id='word_1_91' title='bbox 776 1305 820 1360; x_wconf 92' lang='lat' dir='ltr'>ltic</span> <span class='ocrx_word' id='word_1_92' title='bbox 834 1313 924 1360; x_wconf 90' lang='lat' dir='ltr'>truen-</span> 
     </span>
     <span class='ocr_line' id='line_1_15' title="bbox 128 1395 926 1468; baseline -0.016 -6"><span class='ocrx_word' id='word_1_93' title='bbox 128 1405 216 1462; x_wconf 83' lang='lat' dir='ltr'>lentas</span> <span class='ocrx_word' id='word_1_94' title='bbox 238 1412 265 1459; x_wconf 90' lang='lat' dir='ltr'>et</span> <span class='ocrx_word' id='word_1_95' title='bbox 289 1402 391 1458; x_wconf 81' lang='lat' dir='ltr'>salidus</span> <span class='ocrx_word' id='word_1_96' title='bbox 405 1400 537 1456; x_wconf 89' lang='lat' dir='ltr'>debemus</span> <span class='ocrx_word' id='word_1_97' title='bbox 560 1399 696 1468; x_wconf 89' lang='lat' dir='ltr'>accipere,</span> <span class='ocrx_word' id='word_1_98' title='bbox 715 1411 776 1467; x_wconf 72' lang='lat' dir='ltr'>qnae</span> <span class='ocrx_word' id='word_1_99' title='bbox 795 1395 838 1451; x_wconf 89' lang='lat' dir='ltr'>bic</span> <span class='ocrx_word' id='word_1_100' title='bbox 858 1409 926 1451; x_wconf 91' lang='lat' dir='ltr'>con-</span> 
     </span>
     <span class='ocr_line' id='line_1_16' title="bbox 127 1488 925 1566; baseline -0.008 -16"><span class='ocrx_word' id='word_1_101' title='bbox 127 1512 235 1562; x_wconf 77' lang='lat' dir='ltr'>versae,</span> <span class='ocrx_word' id='word_1_102' title='bbox 258 1497 285 1551; x_wconf 94' lang='lat' dir='ltr'>in</span> <span class='ocrx_word' id='word_1_103' title='bbox 307 1495 352 1551; x_wconf 92' lang='lat' dir='ltr'>illa</span> <span class='ocrx_word' id='word_1_104' title='bbox 373 1496 459 1566; x_wconf 88' lang='lat' dir='ltr'>patria</span> <span class='ocrx_word' id='word_1_105' title='bbox 476 1490 620 1548; x_wconf 86' lang='lat' dir='ltr'>dominicis</span> <span class='ocrx_word' id='word_1_106' title='bbox 643 1489 765 1546; x_wconf 77' lang='lat' dir='ltr'>laudibus</span> <span class='ocrx_word' id='word_1_107' title='bbox 790 1488 925 1544; x_wconf 84' lang='lat' dir='ltr'>bonoram·</span> 
     </span>
    </p>
   </div>
   <div class='ocr_carea' id='block_1_6' title="bbox 971 476 1784 1374">
    <p class='ocr_par' dir='ltr' id='par_1_6' title="bbox 971 476 1784 1374">
     <span class='ocr_line' id='line_1_17' title="bbox 972 476 1765 554; baseline 0.008 -23"><span class='ocrx_word' id='word_1_108' title='bbox 972 485 999 531; x_wconf 92' lang='grc' dir='ltr'>ει</span> <span class='ocrx_word' id='word_1_109' title='bbox 1013 476 1197 546; x_wconf 85' lang='lat' dir='ltr'>singularitate</span> <span class='ocrx_word' id='word_1_110' title='bbox 1213 478 1383 546; x_wconf 76' lang='lat' dir='ltr'>predicatur.</span> <span class='ocrx_word' id='word_1_111' title='bbox 1400 477 1465 533; x_wconf 88' lang='lat' dir='ltr'>Nam</span> <span class='ocrx_word' id='word_1_112' title='bbox 1482 494 1541 534; x_wconf 89' lang='lat' dir='ltr'>cum</span> <span class='ocrx_word' id='word_1_113' title='bbox 1570 481 1687 551; x_wconf 89' lang='lat' dir='ltr'>dicatur,</span> <span class='ocrx_word' id='word_1_114' title='bbox 1702 484 1765 554; x_wconf 87' lang='lat' dir='ltr'>quia</span> 
     </span>
     <span class='ocr_line' id='line_1_18' title="bbox 971 571 1766 651; baseline 0.011 -27"><span class='ocrx_word' id='word_1_115' title='bbox 971 574 1162 625; x_wconf 65' lang='lat' dir='ltr'>creatutura</span> <span class='ocrx_word' id='word_1_116' title='bbox 1184 588 1274 625; x_wconf 84' lang='lat' dir='ltr'>nemra</span> <span class='ocrx_word' id='word_1_117' title='bbox 1289 573 1344 642; x_wconf 73' lang='lat' dir='ltr'>ejus</span> <span class='ocrx_word' id='word_1_118' title='bbox 1358 571 1455 637; x_wconf 73' lang='lat' dir='ltr'>sottus,-</span> <span class='ocrx_word' id='word_1_119' title='bbox 1469 574 1596 642; x_wconf 71' lang='lat' dir='ltr'>ceusessio</span> <span class='ocrx_word' id='word_1_120' title='bbox 1618 578 1675 649; x_wconf 79' lang='lat' dir='ltr'>ejus</span> <span class='ocrx_word' id='word_1_121' title='bbox 1689 594 1766 651; x_wconf 86' lang='lat' dir='ltr'>super</span> 
     </span>
     <span class='ocr_line' id='line_1_19' title="bbox 972 660 1764 736; baseline 0.011 -25"><span class='ocrx_word' id='word_1_122' title='bbox 972 660 1062 713; x_wconf 77' lang='lat' dir='ltr'>caelum</span> <span class='ocrx_word' id='word_1_123' title='bbox 1076 669 1100 713; x_wconf 88' lang='lat' dir='ltr'>et</span> <span class='ocrx_word' id='word_1_124' title='bbox 1122 670 1228 725; x_wconf 82' lang='lat' dir='ltr'>terram,</span> <span class='ocrx_word' id='word_1_125' title='bbox 1243 661 1302 718; x_wconf 83' lang='lat' dir='ltr'>siue</span> <span class='ocrx_word' id='word_1_126' title='bbox 1322 662 1402 716; x_wconf 89' lang='lat' dir='ltr'>dubio</span> <span class='ocrx_word' id='word_1_127' title='bbox 1418 665 1617 736; x_wconf 86' lang='lat' dir='ltr'>magnilieentia</span> <span class='ocrx_word' id='word_1_128' title='bbox 1633 668 1717 736; x_wconf 86' lang='lat' dir='ltr'>ipsius</span> <span class='ocrx_word' id='word_1_129' title='bbox 1739 669 1764 723; x_wconf 91' lang='lat' dir='ltr'>in</span> 
     </span>
     <span class='ocr_line' id='line_1_20' title="bbox 972 751 1765 825; baseline 0.009 -21"><span class='ocrx_word' id='word_1_130' title='bbox 972 759 1029 805; x_wconf 93' lang='lat' dir='ltr'>tnto</span> <span class='ocrx_word' id='word_1_131' title='bbox 1043 752 1109 808; x_wconf 90' lang='lat' dir='ltr'>orbe</span> <span class='ocrx_word' id='word_1_132' title='bbox 1127 751 1291 810; x_wconf 86' lang='lat' dir='ltr'>declaratur.</span> <span class='ocrx_word' id='word_1_133' title='bbox 1309 752 1363 810; x_wconf 87' lang='lat' dir='ltr'>Sed</span> <span class='ocrx_word' id='word_1_134' title='bbox 1375 769 1459 825; x_wconf 91' lang='lat' dir='ltr'>usquc</span> <span class='ocrx_word' id='word_1_135' title='bbox 1471 755 1503 809; x_wconf 90' lang='lat' dir='ltr'>ad</span> <span class='ocrx_word' id='word_1_136' title='bbox 1519 756 1588 811; x_wconf 88' lang='lat' dir='ltr'>banc</span> <span class='ocrx_word' id='word_1_137' title='bbox 1601 759 1765 813; x_wconf 89' lang='lat' dir='ltr'>seutentiam</span> 
     </span>
     <span class='ocr_line' id='line_1_21' title="bbox 973 843 1768 919; baseline 0.006 -23"><span class='ocrx_word' id='word_1_138' title='bbox 973 843 1112 911; x_wconf 76' lang='lat' dir='ltr'>superiora</span> <span class='ocrx_word' id='word_1_139' title='bbox 1127 857 1258 914; x_wconf 82' lang='lat' dir='ltr'>strepensa</span> <span class='ocrx_word' id='word_1_140' title='bbox 1271 855 1345 915; x_wconf 76' lang='lat' dir='ltr'>stant,</span> <span class='ocrx_word' id='word_1_141' title='bbox 1361 856 1390 901; x_wconf 91' lang='lat' dir='ltr'>ut</span> <span class='ocrx_word' id='word_1_142' title='bbox 1404 845 1495 903; x_wconf 88' lang='lat' dir='ltr'>landet</span> <span class='ocrx_word' id='word_1_143' title='bbox 1517 847 1661 904; x_wconf 87' lang='lat' dir='ltr'>Dominum</span> <span class='ocrx_word' id='word_1_144' title='bbox 1684 865 1768 919; x_wconf 89' lang='lat' dir='ltr'>popu-</span> 
     </span>
     <span class='ocr_line' id='line_1_22' title="bbox 974 932 1765 1010; baseline 0.008 -22"><span class='ocrx_word' id='word_1_145' title='bbox 974 932 1015 988; x_wconf 89' lang='lat' dir='ltr'>lus</span> <span class='ocrx_word' id='word_1_146' title='bbox 1030 933 1127 1000; x_wconf 87' lang='lat' dir='ltr'>tidelis,</span> <span class='ocrx_word' id='word_1_147' title='bbox 1141 934 1168 989; x_wconf 91' lang='lat' dir='ltr'>iu</span> <span class='ocrx_word' id='word_1_148' title='bbox 1183 935 1226 990; x_wconf 88' lang='lat' dir='ltr'>illa</span> <span class='ocrx_word' id='word_1_149' title='bbox 1242 935 1345 992; x_wconf 89' lang='lat' dir='ltr'>scilicet</span> <span class='ocrx_word' id='word_1_150' title='bbox 1361 939 1445 1005; x_wconf 90' lang='lat' dir='ltr'>patria</span> <span class='ocrx_word' id='word_1_151' title='bbox 1459 937 1636 1006; x_wconf 89' lang='lat' dir='ltr'>constitutus,</span> <span class='ocrx_word' id='word_1_152' title='bbox 1651 941 1696 1010; x_wconf 91' lang='lat' dir='ltr'>qui</span> <span class='ocrx_word' id='word_1_153' title='bbox 1710 941 1765 1010; x_wconf 84' lang='lat' dir='ltr'>jann</span> 
     </span>
     <span class='ocr_line' id='line_1_23' title="bbox 975 1026 1770 1101; baseline 0.004 -21"><span class='ocrx_word' id='word_1_154' title='bbox 975 1033 1146 1095; x_wconf 86' lang='lat' dir='ltr'>peccaterum</span> <span class='ocrx_word' id='word_1_155' title='bbox 1176 1026 1300 1081; x_wconf 85' lang='lat' dir='ltr'>noscitur</span> <span class='ocrx_word' id='word_1_156' title='bbox 1325 1028 1439 1084; x_wconf 84' lang='lat' dir='ltr'>nexibus</span> <span class='ocrx_word' id='word_1_157' title='bbox 1467 1028 1617 1087; x_wconf 89' lang='lat' dir='ltr'>absolutos.</span> <span class='ocrx_word' id='word_1_158' title='bbox 1643 1031 1770 1101; x_wconf 83' lang='lat' dir='ltr'>Sequitur</span> 
     </span>
     <span class='ocr_line' id='line_1_24' title="bbox 974 1117 1769 1191; baseline 0.005 -19"><span class='ocrx_word' id='word_1_159' title='bbox 974 1131 1054 1172; x_wconf 84' lang='lat' dir='ltr'>catrm</span> <span class='ocrx_word' id='word_1_160' title='bbox 1072 1117 1222 1188; x_wconf 73' lang='lat' dir='ltr'>iniustissima</span> <span class='ocrx_word' id='word_1_161' title='bbox 1246 1133 1331 1187; x_wconf 84' lang='lat' dir='ltr'>quare</span> <span class='ocrx_word' id='word_1_162' title='bbox 1345 1119 1475 1174; x_wconf 80' lang='lat' dir='ltr'>Dominus</span> <span class='ocrx_word' id='word_1_163' title='bbox 1498 1118 1596 1175; x_wconf 88' lang='lat' dir='ltr'>debeat</span> <span class='ocrx_word' id='word_1_164' title='bbox 1617 1122 1769 1191; x_wconf 75' lang='lat' dir='ltr'>predicari,</span> 
     </span>
     <span class='ocr_line' id='line_1_25' title="bbox 977 1210 1773 1281; baseline 0.005 -17"><span class='ocrx_word' id='word_1_165' title='bbox 977 1212 1069 1281; x_wconf 89' lang='lat' dir='ltr'>ntique</span> <span class='ocrx_word' id='word_1_166' title='bbox 1081 1212 1142 1281; x_wconf 89' lang='lat' dir='ltr'>quia</span> <span class='ocrx_word' id='word_1_167' title='bbox 1157 1210 1298 1265; x_wconf 78' lang='lat' dir='ltr'>exaltatum</span> <span class='ocrx_word' id='word_1_168' title='bbox 1319 1220 1356 1265; x_wconf 83' lang='lat' dir='ltr'>eat</span> <span class='ocrx_word' id='word_1_169' title='bbox 1377 1227 1471 1266; x_wconf 85' lang='lat' dir='ltr'>nomeu</span> <span class='ocrx_word' id='word_1_170' title='bbox 1488 1213 1543 1280; x_wconf 79' lang='lat' dir='ltr'>cg&#39;tta</span> <span class='ocrx_word' id='word_1_171' title='bbox 1557 1213 1648 1268; x_wconf 82' lang='lat' dir='ltr'>solius.</span> <span class='ocrx_word' id='word_1_172' title='bbox 1667 1213 1773 1268; x_wconf 74' lang='lat' dir='ltr'>Exulta-</span> 
     </span>
     <span class='ocr_line' id='line_1_26' title="bbox 977 1301 1784 1374; baseline -0.006 -16"><span class='ocrx_word' id='word_1_173' title='bbox 977 1314 1033 1358; x_wconf 88' lang='lat' dir='ltr'>ttmt</span> <span class='ocrx_word' id='word_1_174' title='bbox 1046 1311 1083 1357; x_wconf 85' lang='lat' dir='ltr'>eat</span> <span class='ocrx_word' id='word_1_175' title='bbox 1093 1303 1201 1373; x_wconf 85' lang='lat' dir='ltr'>quippe,</span> <span class='ocrx_word' id='word_1_176' title='bbox 1214 1301 1277 1358; x_wconf 90' lang='lat' dir='ltr'>dnm</span> <span class='ocrx_word' id='word_1_177' title='bbox 1293 1302 1341 1367; x_wconf 93' lang='lat' dir='ltr'>illi,</span> <span class='ocrx_word' id='word_1_178' title='bbox 1355 1303 1427 1359; x_wconf 85' lang='lat' dir='ltr'>sieut</span> <span class='ocrx_word' id='word_1_179' title='bbox 1439 1302 1506 1358; x_wconf 88' lang='lat' dir='ltr'>tlicit</span> <span class='ocrx_word' id='word_1_180' title='bbox 1521 1304 1677 1374; x_wconf 72' lang='lat' dir='ltr'>Apostolus,</span> <span class='ocrx_word' id='word_1_181' title='bbox 1691 1304 1784 1359; x_wconf 74' lang='lat' dir='ltr'>(lanne.</span> 
     </span>
    </p>
   </div>
   <div class='ocr_carea' id='block_1_7' title="bbox 976 1394 1880 1470">
    <p class='ocr_par' dir='ltr' id='par_1_7' title="bbox 976 1394 1880 1470">
     <span class='ocr_line' id='line_1_27' title="bbox 976 1394 1880 1470; baseline 0.003 -22"><span class='ocrx_word' id='word_1_182' title='bbox 976 1409 1043 1465; x_wconf 83' lang='lat' dir='ltr'>genu</span> <span class='ocrx_word' id='word_1_183' title='bbox 1070 1394 1183 1464; x_wconf 73' lang='lat' dir='ltr'>plectitur·</span> <span class='ocrx_word' id='word_1_184' title='bbox 1207 1397 1361 1463; x_wconf 83' lang='lat' dir='ltr'>celestium,</span> <span class='ocrx_word' id='word_1_185' title='bbox 1387 1399 1542 1453; x_wconf 81' lang='lat' dir='ltr'>terrestrium</span> <span class='ocrx_word' id='word_1_186' title='bbox 1567 1407 1592 1454; x_wconf 88' lang='lat' dir='ltr'>et</span> <span class='ocrx_word' id='word_1_187' title='bbox 1616 1399 1788 1470; x_wconf 68' lang='lat' dir='ltr'>internorum,</span> <span class='ocrx_word' id='word_1_188' title='bbox 1873 1430 1880 1443; x_wconf 85' lang='lat'><strong>·</strong></span> 
     </span>
    </p>
   </div>
   <div class='ocr_carea' id='block_1_8' title="bbox 977 1483 1774 1561">
    <p class='ocr_par' dir='ltr' id='par_1_8' title="bbox 977 1483 1774 1561">
     <span class='ocr_line' id='line_1_28' title="bbox 977 1483 1774 1561; baseline 0.003 -21"><span class='ocrx_word' id='word_1_189' title='bbox 977 1483 1092 1557; x_wconf 78' lang='lat' dir='ltr'>(Pttttp.</span> <span class='ocrx_word' id='word_1_190' title='bbox 1114 1501 1144 1551; x_wconf 91' lang='lat' dir='ltr'>tt,</span> <span class='ocrx_word' id='word_1_191' title='bbox 1167 1485 1222 1556; x_wconf 77' lang='lat' dir='ltr'>ld).</span> <span class='ocrx_word' id='word_1_192' title='bbox 1241 1485 1356 1555; x_wconf 74' lang='lat' dir='ltr'>Adiecit,</span> <span class='ocrx_word' id='word_1_193' title='bbox 1371 1488 1498 1556; x_wconf 76' lang='lat' dir='ltr'>consessio</span> <span class='ocrx_word' id='word_1_194' title='bbox 1512 1492 1570 1558; x_wconf 76' lang='lat' dir='ltr'>ejus</span> <span class='ocrx_word' id='word_1_195' title='bbox 1593 1505 1670 1561; x_wconf 80' lang='lat' dir='ltr'>arrper</span> <span class='ocrx_word' id='word_1_196' title='bbox 1684 1489 1774 1544; x_wconf 71' lang='lat' dir='ltr'>carlum</span> 
     </span>
    </p>
   </div>
   <div class='ocr_carea' id='block_1_9' title="bbox 88 1576 1793 4682">
    <p class='ocr_par' dir='ltr' id='par_1_9' title="bbox 88 1576 1793 4682">
     <span class='ocr_line' id='line_1_29' title="bbox 128 1576 1775 1651; baseline 0.001 -19"><span class='ocrx_word' id='word_1_197' title='bbox 128 1596 185 1645; x_wconf 68' lang='lat' dir='ltr'>epp,</span> <span class='ocrx_word' id='word_1_198' title='bbox 977 1585 1002 1632; x_wconf 88' lang='lat' dir='ltr'>et</span> <span class='ocrx_word' id='word_1_199' title='bbox 1014 1585 1119 1632; x_wconf 88' lang='lat' dir='ltr'>terram.</span> <span class='ocrx_word' id='word_1_200' title='bbox 1136 1576 1185 1632; x_wconf 94' lang='lat' dir='ltr'>llic</span> <span class='ocrx_word' id='word_1_201' title='bbox 1198 1577 1334 1633; x_wconf 88' lang='lat' dir='ltr'>coulessle</span> <span class='ocrx_word' id='word_1_202' title='bbox 1350 1578 1456 1634; x_wconf 87' lang='lat' dir='ltr'>laudem</span> <span class='ocrx_word' id='word_1_203' title='bbox 1478 1580 1550 1635; x_wconf 89' lang='lat' dir='ltr'>illam</span> <span class='ocrx_word' id='word_1_204' title='bbox 1571 1580 1702 1650; x_wconf 85' lang='lat' dir='ltr'>signilieat</span> <span class='ocrx_word' id='word_1_205' title='bbox 1716 1597 1775 1651; x_wconf 84' lang='lat' dir='ltr'>qna·</span> 
     </span>
     <span class='ocr_line' id='line_1_30' title="bbox 166 1666 1776 1753; baseline -0.007 -16"><span class='ocrx_word' id='word_1_206' title='bbox 166 1683 244 1737; x_wconf 87' lang='lat' dir='ltr'>llers.</span> <span class='ocrx_word' id='word_1_207' title='bbox 261 1681 288 1737; x_wconf 88' lang='lat'>8.</span> <span class='ocrx_word' id='word_1_208' title='bbox 308 1679 391 1753; x_wconf 80' lang='lat' dir='ltr'>ipris.</span> <span class='ocrx_word' id='word_1_209' title='bbox 408 1678 519 1751; x_wconf 77' lang='lat' dir='ltr'>qnando,</span> <span class='ocrx_word' id='word_1_210' title='bbox 542 1678 596 1742; x_wconf 82' lang='lat' dir='ltr'>nia,</span> <span class='ocrx_word' id='word_1_211' title='bbox 622 1677 728 1748; x_wconf 77' lang='lat' dir='ltr'>pluries,</span> <span class='ocrx_word' id='word_1_212' title='bbox 744 1675 848 1745; x_wconf 82' lang='lat' dir='ltr'>spiritua</span> <span class='ocrx_word' id='word_1_213' title='bbox 867 1690 927 1747; x_wconf 86' lang='lat' dir='ltr'>pro·</span> <span class='ocrx_word' id='word_1_214' title='bbox 979 1666 1018 1723; x_wconf 87' lang='lat' dir='ltr'>illi</span> <span class='ocrx_word' id='word_1_215' title='bbox 1032 1676 1093 1737; x_wconf 86' lang='lat' dir='ltr'>post</span> <span class='ocrx_word' id='word_1_216' title='bbox 1105 1666 1198 1723; x_wconf 82' lang='lat' dir='ltr'>saeculi</span> <span class='ocrx_word' id='word_1_217' title='bbox 1209 1667 1285 1724; x_wconf 88' lang='lat' dir='ltr'>istius</span> <span class='ocrx_word' id='word_1_218' title='bbox 1298 1668 1498 1725; x_wconf 79' lang='lat' dir='ltr'>innovationem</span> <span class='ocrx_word' id='word_1_219' title='bbox 1510 1671 1544 1726; x_wconf 85' lang='lat' dir='ltr'>ab</span> <span class='ocrx_word' id='word_1_220' title='bbox 1556 1672 1681 1727; x_wconf 88' lang='lat' dir='ltr'>omuibus</span> <span class='ocrx_word' id='word_1_221' title='bbox 1693 1675 1776 1728; x_wconf 85' lang='lat' dir='ltr'>ratio-</span> 
     </span>
     <span class='ocr_line' id='line_1_31' title="bbox 129 1760 1777 1842; baseline -0.009 -14"><span class='ocrx_word' id='word_1_222' title='bbox 129 1774 268 1837; x_wconf 87' lang='lat' dir='ltr'>eellarum‚</span> <span class='ocrx_word' id='word_1_223' title='bbox 279 1788 336 1842; x_wconf 77' lang='lat' dir='ltr'>quae</span> <span class='ocrx_word' id='word_1_224' title='bbox 347 1768 557 1842; x_wconf 75' lang='lat' dir='ltr'>saeiutrtrerburu</span> <span class='ocrx_word' id='word_1_225' title='bbox 571 1768 636 1841; x_wconf 80' lang='lat' dir='ltr'>ejus.</span> <span class='ocrx_word' id='word_1_226' title='bbox 651 1766 731 1839; x_wconf 90' lang='lat' dir='ltr'>lgnis,</span> <span class='ocrx_word' id='word_1_227' title='bbox 743 1764 858 1837; x_wconf 89' lang='lat' dir='ltr'>grando,</span> <span class='ocrx_word' id='word_1_228' title='bbox 869 1766 927 1831; x_wconf 83' lang='lat' dir='ltr'>uis,</span> <span class='ocrx_word' id='word_1_229' title='bbox 942 1764 967 1826; x_wconf 81' lang='lat' dir='ltr'>B</span> <span class='ocrx_word' id='word_1_230' title='bbox 981 1761 1113 1818; x_wconf 86' lang='lat' dir='ltr'>trabilibus</span> <span class='ocrx_word' id='word_1_231' title='bbox 1125 1760 1256 1818; x_wconf 83' lang='lat' dir='ltr'>creaturis</span> <span class='ocrx_word' id='word_1_232' title='bbox 1266 1762 1428 1820; x_wconf 62' lang='lat' dir='ltr'>assumitur.</span> <span class='ocrx_word' id='word_1_233' title='bbox 1441 1764 1528 1834; x_wconf 85' lang='lat' dir='ltr'>Super</span> <span class='ocrx_word' id='word_1_234' title='bbox 1541 1766 1634 1820; x_wconf 81' lang='lat' dir='ltr'>retum</span> <span class='ocrx_word' id='word_1_235' title='bbox 1644 1774 1668 1818; x_wconf 80' lang='lat' dir='ltr'>et</span> <span class='ocrx_word' id='word_1_236' title='bbox 1680 1774 1777 1819; x_wconf 87' lang='lat' dir='ltr'>terrum</span> 
     </span>
     <span class='ocr_line' id='line_1_32' title="bbox 129 1852 1776 1936; baseline -0.005 -18"><span class='ocrx_word' id='word_1_237' title='bbox 129 1863 233 1936; x_wconf 88' lang='lat' dir='ltr'>glaries</span> <span class='ocrx_word' id='word_1_238' title='bbox 246 1878 296 1934; x_wconf 88' lang='lat' dir='ltr'>per</span> <span class='ocrx_word' id='word_1_239' title='bbox 310 1861 467 1932; x_wconf 69' lang='lat' dir='ltr'>allegoriam</span> <span class='ocrx_word' id='word_1_240' title='bbox 492 1859 573 1931; x_wconf 80' lang='lat' dir='ltr'>(sictut</span> <span class='ocrx_word' id='word_1_241' title='bbox 596 1858 699 1912; x_wconf 85' lang='lat' dir='ltr'>dietum</span> <span class='ocrx_word' id='word_1_242' title='bbox 725 1855 778 1928; x_wconf 88' lang='lat' dir='ltr'>est)</span> <span class='ocrx_word' id='word_1_243' title='bbox 804 1856 928 1911; x_wconf 85' lang='lat' dir='ltr'>homines</span> <span class='ocrx_word' id='word_1_244' title='bbox 980 1852 1058 1919; x_wconf 82' lang='lat' dir='ltr'>dixit,</span> <span class='ocrx_word' id='word_1_245' title='bbox 1070 1853 1133 1924; x_wconf 92' lang='lat' dir='ltr'>qnia</span> <span class='ocrx_word' id='word_1_246' title='bbox 1148 1866 1199 1908; x_wconf 90' lang='lat' dir='ltr'>nec</span> <span class='ocrx_word' id='word_1_247' title='bbox 1211 1853 1335 1909; x_wconf 86' lang='lat' dir='ltr'>caelestia</span> <span class='ocrx_word' id='word_1_248' title='bbox 1349 1869 1399 1911; x_wconf 90' lang='lat' dir='ltr'>uec</span> <span class='ocrx_word' id='word_1_249' title='bbox 1414 1863 1521 1912; x_wconf 88' lang='lat' dir='ltr'>terrena</span> <span class='ocrx_word' id='word_1_250' title='bbox 1536 1855 1589 1912; x_wconf 92' lang='lat' dir='ltr'>illis</span> <span class='ocrx_word' id='word_1_251' title='bbox 1604 1855 1776 1927; x_wconf 80' lang='lat' dir='ltr'>predicatio·</span> 
     </span>
     <span class='ocr_line' id='line_1_33' title="bbox 130 1943 1445 2024; baseline -0.005 -16"><span class='ocrx_word' id='word_1_252' title='bbox 130 1952 294 2024; x_wconf 78' lang='lat' dir='ltr'>significant,</span> <span class='ocrx_word' id='word_1_253' title='bbox 306 1953 350 2022; x_wconf 86' lang='lat' dir='ltr'>qui</span> <span class='ocrx_word' id='word_1_254' title='bbox 368 1953 395 2007; x_wconf 92' lang='lat' dir='ltr'>in</span> <span class='ocrx_word' id='word_1_255' title='bbox 412 1952 464 2006; x_wconf 88' lang='lat' dir='ltr'>ltoc</span> <span class='ocrx_word' id='word_1_256' title='bbox 476 1950 576 2005; x_wconf 78' lang='lat' dir='ltr'>saeculo</span> <span class='ocrx_word' id='word_1_257' title='bbox 591 1963 626 2004; x_wconf 83' lang='lat' dir='ltr'>er</span> <span class='ocrx_word' id='word_1_258' title='bbox 648 1948 810 2003; x_wconf 87' lang='lat' dir='ltr'>turbulentis</span> <span class='ocrx_word' id='word_1_259' title='bbox 823 1956 851 2002; x_wconf 92' lang='lat' dir='ltr'>ct</span> <span class='ocrx_word' id='word_1_260' title='bbox 865 1960 927 2017; x_wconf 89' lang='lat' dir='ltr'>pes·</span> <span class='ocrx_word' id='word_1_261' title='bbox 982 1943 1059 2000; x_wconf 86' lang='lat' dir='ltr'>ttiltns</span> <span class='ocrx_word' id='word_1_262' title='bbox 1070 1952 1183 2014; x_wconf 89' lang='lat' dir='ltr'>possunt</span> <span class='ocrx_word' id='word_1_263' title='bbox 1193 1945 1307 2016; x_wconf 81' lang='lat' dir='ltr'>aequalia</span> <span class='ocrx_word' id='word_1_264' title='bbox 1318 1946 1445 2018; x_wconf 89' lang='lat' dir='ltr'>reperiri.</span> 
     </span>
     <span class='ocr_line' id='line_1_34' title="bbox 130 2036 1778 2113; baseline -0.004 -13"><span class='ocrx_word' id='word_1_265' title='bbox 130 2046 210 2100; x_wconf 83' lang='lat' dir='ltr'>simis</span> <span class='ocrx_word' id='word_1_266' title='bbox 225 2044 259 2099; x_wconf 90' lang='lat' dir='ltr'>ad</span> <span class='ocrx_word' id='word_1_267' title='bbox 275 2043 428 2099; x_wconf 89' lang='lat' dir='ltr'>deretienis</span> <span class='ocrx_word' id='word_1_268' title='bbox 452 2039 671 2111; x_wconf 87' lang='lat' dir='ltr'>tranquillissima</span> <span class='ocrx_word' id='word_1_269' title='bbox 691 2036 778 2093; x_wconf 89' lang='lat' dir='ltr'>studia</span> <span class='ocrx_word' id='word_1_270' title='bbox 794 2051 928 2108; x_wconf 86' lang='lat' dir='ltr'>perreue-</span> <span class='ocrx_word' id='word_1_271' title='bbox 1018 2036 1096 2092; x_wconf 79' lang='lat' dir='ltr'>lers.</span> <span class='ocrx_word' id='word_1_272' title='bbox 1112 2036 1157 2093; x_wconf 81' lang='lat' dir='ltr'>ll.</span> <span class='ocrx_word' id='word_1_273' title='bbox 1177 2037 1211 2091; x_wconf 79' lang='lat' dir='ltr'>b&#39;t</span> <span class='ocrx_word' id='word_1_274' title='bbox 1234 2038 1358 2094; x_wconf 72' lang='lat' dir='ltr'>exaltabit</span> <span class='ocrx_word' id='word_1_275' title='bbox 1379 2054 1461 2095; x_wconf 85' lang='lat' dir='ltr'>rortru</span> <span class='ocrx_word' id='word_1_276' title='bbox 1482 2041 1572 2113; x_wconf 87' lang='lat' dir='ltr'>papuli</span> <span class='ocrx_word' id='word_1_277' title='bbox 1594 2040 1653 2106; x_wconf 73' lang='lat' dir='ltr'>rui:</span> <span class='ocrx_word' id='word_1_278' title='bbox 1667 2041 1778 2112; x_wconf 78' lang='lat' dir='ltr'>lgneus</span> 
     </span>
     <span class='ocr_line' id='line_1_35' title="bbox 132 2129 1778 2205; baseline -0.003 -14"><span class='ocrx_word' id='word_1_279' title='bbox 132 2146 208 2192; x_wconf 93' lang='lat' dir='ltr'>rnut.</span> <span class='ocrx_word' id='word_1_280' title='bbox 234 2136 355 2204; x_wconf 82' lang='lat' dir='ltr'>lienique</span> <span class='ocrx_word' id='word_1_281' title='bbox 370 2134 431 2191; x_wconf 87' lang='lat' dir='ltr'>ride</span> <span class='ocrx_word' id='word_1_282' title='bbox 449 2133 512 2201; x_wconf 92' lang='lat' dir='ltr'>quid</span> <span class='ocrx_word' id='word_1_283' title='bbox 533 2132 666 2201; x_wconf 89' lang='lat' dir='ltr'>sequitur.</span> <span class='ocrx_word' id='word_1_284' title='bbox 684 2131 789 2203; x_wconf 84' lang='lat' dir='ltr'>spiritus</span> <span class='ocrx_word' id='word_1_285' title='bbox 804 2129 930 2194; x_wconf 78' lang='lat' dir='ltr'>procella·</span> <span class='ocrx_word' id='word_1_286' title='bbox 982 2130 1098 2184; x_wconf 82' lang='lat' dir='ltr'>amnibus</span> <span class='ocrx_word' id='word_1_287' title='bbox 1112 2131 1209 2185; x_wconf 79' lang='lat' dir='ltr'>sanetis</span> <span class='ocrx_word' id='word_1_288' title='bbox 1232 2133 1309 2202; x_wconf 77' lang='lat' dir='ltr'>ejus:</span> <span class='ocrx_word' id='word_1_289' title='bbox 1323 2131 1385 2201; x_wconf 74' lang='lat' dir='ltr'>filiis</span> <span class='ocrx_word' id='word_1_290' title='bbox 1405 2131 1500 2200; x_wconf 81' lang='lat' dir='ltr'>lsrael,</span> <span class='ocrx_word' id='word_1_291' title='bbox 1515 2133 1612 2205; x_wconf 89' lang='lat' dir='ltr'>papula</span> <span class='ocrx_word' id='word_1_292' title='bbox 1635 2133 1778 2204; x_wconf 76' lang='lat' dir='ltr'>appropiet·</span> 
     </span>
     <span class='ocr_line' id='line_1_36' title="bbox 131 2221 1775 2299; baseline -0.001 -20"><span class='ocrx_word' id='word_1_293' title='bbox 131 2243 203 2291; x_wconf 82' lang='lat' dir='ltr'>rant,</span> <span class='ocrx_word' id='word_1_294' title='bbox 226 2227 269 2297; x_wconf 85' lang='lat' dir='ltr'>qni</span> <span class='ocrx_word' id='word_1_295' title='bbox 291 2227 390 2299; x_wconf 70' lang='lat' dir='ltr'>parison</span> <span class='ocrx_word' id='word_1_296' title='bbox 415 2223 517 2279; x_wconf 82' lang='lat' dir='ltr'>uerbum</span> <span class='ocrx_word' id='word_1_297' title='bbox 535 2226 601 2291; x_wconf 80' lang='lat' dir='ltr'>eius.</span> <span class='ocrx_word' id='word_1_298' title='bbox 627 2221 679 2290; x_wconf 81' lang='lat' dir='ltr'>Qui</span> <span class='ocrx_word' id='word_1_299' title='bbox 702 2221 804 2277; x_wconf 88' lang='lat' dir='ltr'>laelnnt</span> <span class='ocrx_word' id='word_1_300' title='bbox 820 2223 930 2277; x_wconf 86' lang='lat' dir='ltr'>verbum</span> <span class='ocrx_word' id='word_1_301' title='bbox 982 2222 1072 2292; x_wconf 82' lang='lat' dir='ltr'>quanta·</span> <span class='ocrx_word' id='word_1_302' title='bbox 1084 2222 1144 2279; x_wconf 85' lang='lat' dir='ltr'>rili.</span> <span class='ocrx_word' id='word_1_303' title='bbox 1161 2221 1211 2278; x_wconf 89' lang='lat' dir='ltr'>llic</span> <span class='ocrx_word' id='word_1_304' title='bbox 1224 2238 1258 2278; x_wconf 88' lang='lat' dir='ltr'>ex</span> <span class='ocrx_word' id='word_1_305' title='bbox 1278 2224 1420 2280; x_wconf 84' lang='lat' dir='ltr'>sanctitate</span> <span class='ocrx_word' id='word_1_306' title='bbox 1437 2224 1542 2281; x_wconf 88' lang='lat' dir='ltr'>[tomioi</span> <span class='ocrx_word' id='word_1_307' title='bbox 1566 2223 1683 2297; x_wconf 77' lang='lat' dir='ltr'>bpmnns</span> <span class='ocrx_word' id='word_1_308' title='bbox 1696 2224 1775 2279; x_wconf 85' lang='lat' dir='ltr'>abso·</span> 
     </span>
     <span class='ocr_line' id='line_1_37' title="bbox 132 2311 1777 2389; baseline -0.002 -17"><span class='ocrx_word' id='word_1_309' title='bbox 132 2316 211 2387; x_wconf 85' lang='lat' dir='ltr'>ejrrs,</span> <span class='ocrx_word' id='word_1_310' title='bbox 228 2317 279 2370; x_wconf 70' lang='lat' dir='ltr'>uisi</span> <span class='ocrx_word' id='word_1_311' title='bbox 294 2317 340 2386; x_wconf 93' lang='lat' dir='ltr'>qni</span> <span class='ocrx_word' id='word_1_312' title='bbox 355 2331 389 2371; x_wconf 88' lang='lat' dir='ltr'>ex</span> <span class='ocrx_word' id='word_1_313' title='bbox 405 2313 598 2384; x_wconf 78' lang='lat' dir='ltr'>tempestuosis</span> <span class='ocrx_word' id='word_1_314' title='bbox 622 2323 650 2368; x_wconf 90' lang='lat' dir='ltr'>et</span> <span class='ocrx_word' id='word_1_315' title='bbox 671 2311 801 2383; x_wconf 91' lang='lat' dir='ltr'>improbis</span> <span class='ocrx_word' id='word_1_316' title='bbox 822 2313 854 2367; x_wconf 86' lang='lat' dir='ltr'>ad</span> <span class='ocrx_word' id='word_1_317' title='bbox 867 2326 932 2367; x_wconf 90' lang='lat' dir='ltr'>con·</span> <span class='ocrx_word' id='word_1_318' title='bbox 984 2315 1039 2372; x_wconf 86' lang='lat' dir='ltr'>lnte</span> <span class='ocrx_word' id='word_1_319' title='bbox 1049 2314 1230 2386; x_wconf 79' lang='lat' dir='ltr'>profunditur.</span> <span class='ocrx_word' id='word_1_320' title='bbox 1245 2315 1311 2372; x_wconf 84' lang='lat' dir='ltr'>Nam</span> <span class='ocrx_word' id='word_1_321' title='bbox 1324 2331 1386 2373; x_wconf 88' lang='lat' dir='ltr'>eum</span> <span class='ocrx_word' id='word_1_322' title='bbox 1400 2316 1485 2373; x_wconf 87' lang='lat' dir='ltr'>dicit:</span> <span class='ocrx_word' id='word_1_323' title='bbox 1500 2316 1634 2373; x_wconf 70' lang='lat' dir='ltr'>Exultalit</span> <span class='ocrx_word' id='word_1_324' title='bbox 1647 2333 1728 2372; x_wconf 82' lang='lat' dir='ltr'>errae</span> <span class='ocrx_word' id='word_1_325' title='bbox 1738 2334 1777 2389; x_wconf 85' lang='lat' dir='ltr'>po·</span> 
     </span>
     <span class='ocr_line' id='line_1_38' title="bbox 134 2403 1780 2481; baseline 0.002 -20"><span class='ocrx_word' id='word_1_326' title='bbox 134 2408 206 2463; x_wconf 73' lang='lat' dir='ltr'>lesi·</span> <span class='ocrx_word' id='word_1_327' title='bbox 219 2407 259 2461; x_wconf 87' lang='lat' dir='ltr'>nis</span> <span class='ocrx_word' id='word_1_328' title='bbox 273 2406 358 2476; x_wconf 90' lang='lat' dir='ltr'>ipsius</span> <span class='ocrx_word' id='word_1_329' title='bbox 369 2407 482 2478; x_wconf 78' lang='lat' dir='ltr'>gratiam</span> <span class='ocrx_word' id='word_1_330' title='bbox 498 2405 593 2460; x_wconf 80' lang='lat' dir='ltr'>uenire</span> <span class='ocrx_word' id='word_1_331' title='bbox 607 2403 784 2460; x_wconf 71' lang='lat' dir='ltr'>mernerunt?</span> <span class='ocrx_word' id='word_1_332' title='bbox 983 2406 1039 2480; x_wconf 84' lang='lat' dir='ltr'>pttli</span> <span class='ocrx_word' id='word_1_333' title='bbox 1059 2408 1120 2473; x_wconf 68' lang='lat' dir='ltr'>aui:</span> <span class='ocrx_word' id='word_1_334' title='bbox 1134 2406 1244 2479; x_wconf 74' lang='lat' dir='ltr'>byrrum</span> <span class='ocrx_word' id='word_1_335' title='bbox 1266 2409 1384 2465; x_wconf 82' lang='lat' dir='ltr'>outnilrur</span> <span class='ocrx_word' id='word_1_336' title='bbox 1404 2409 1499 2465; x_wconf 82' lang='lat' dir='ltr'>sanatis</span> <span class='ocrx_word' id='word_1_337' title='bbox 1514 2411 1570 2481; x_wconf 78' lang='lat' dir='ltr'>ejas</span> <span class='ocrx_word' id='word_1_338' title='bbox 1583 2425 1593 2464; x_wconf 92' lang='lat'>.·</span> <span class='ocrx_word' id='word_1_339' title='bbox 1607 2410 1670 2479; x_wconf 72' lang='lat' dir='ltr'>filiis</span> <span class='ocrx_word' id='word_1_340' title='bbox 1685 2408 1780 2473; x_wconf 78' lang='lat' dir='ltr'>lsrael,</span> 
     </span>
     <span class='ocr_line' id='line_1_39' title="bbox 88 2497 1779 2575; baseline 0.001 -21"><span class='ocrx_word' id='word_1_341' title='bbox 88 2566 92 2575; x_wconf 41' lang='grc'><strong>,</strong></span> <span class='ocrx_word' id='word_1_342' title='bbox 175 2499 251 2555; x_wconf 67' lang='lat' dir='ltr'>teo.</span> <span class='ocrx_word' id='word_1_343' title='bbox 265 2500 293 2555; x_wconf 81' lang='lat' dir='ltr'>ll.</span> <span class='ocrx_word' id='word_1_344' title='bbox 306 2499 408 2554; x_wconf 79' lang='lat' dir='ltr'>llantur</span> <span class='ocrx_word' id='word_1_345' title='bbox 422 2509 444 2553; x_wconf 87' lang='lat' dir='ltr'>et</span> <span class='ocrx_word' id='word_1_346' title='bbox 457 2515 544 2554; x_wconf 82' lang='lat' dir='ltr'>omnes</span> <span class='ocrx_word' id='word_1_347' title='bbox 558 2497 655 2564; x_wconf 70' lang='lat' dir='ltr'>evilea,</span> <span class='ocrx_word' id='word_1_348' title='bbox 669 2497 739 2571; x_wconf 84' lang='lat' dir='ltr'>l&#39;que</span> <span class='ocrx_word' id='word_1_349' title='bbox 761 2500 897 2573; x_wconf 66' lang='lat' dir='ltr'>fructifera</span> <span class='ocrx_word' id='word_1_350' title='bbox 909 2508 933 2554; x_wconf 90' lang='lat' dir='ltr'>et</span> <span class='ocrx_word' id='word_1_351' title='bbox 985 2499 1080 2569; x_wconf 83' lang='lat' dir='ltr'>populo</span> <span class='ocrx_word' id='word_1_352' title='bbox 1095 2500 1313 2571; x_wconf 82' lang='lat' dir='ltr'>appropinquanti</span> <span class='ocrx_word' id='word_1_353' title='bbox 1327 2500 1385 2567; x_wconf 83' lang='lat' dir='ltr'>ribi,</span> <span class='ocrx_word' id='word_1_354' title='bbox 1402 2501 1462 2558; x_wconf 81' lang='lat' dir='ltr'>aitte</span> <span class='ocrx_word' id='word_1_355' title='bbox 1477 2501 1558 2558; x_wconf 89' lang='lat' dir='ltr'>dubie</span> <span class='ocrx_word' id='word_1_356' title='bbox 1572 2501 1702 2558; x_wconf 83' lang='lat' dir='ltr'>sauctitas</span> <span class='ocrx_word' id='word_1_357' title='bbox 1723 2501 1779 2555; x_wconf 85' lang='lat' dir='ltr'>bo-</span> 
     </span>
     <span class='ocr_line' id='line_1_40' title="bbox 137 2588 1781 2665; baseline 0.001 -19"><span class='ocrx_word' id='word_1_358' title='bbox 137 2605 225 2647; x_wconf 81' lang='lat' dir='ltr'>anmer</span> <span class='ocrx_word' id='word_1_359' title='bbox 238 2590 318 2644; x_wconf 80' lang='lat' dir='ltr'>cedri.</span> <span class='ocrx_word' id='word_1_360' title='bbox 985 2588 1050 2645; x_wconf 85' lang='lat' dir='ltr'>ruini</span> <span class='ocrx_word' id='word_1_361' title='bbox 1064 2604 1231 2660; x_wconf 86' lang='lat' dir='ltr'>muneraque</span> <span class='ocrx_word' id='word_1_362' title='bbox 1252 2592 1410 2658; x_wconf 86' lang='lat' dir='ltr'>laudantur,</span> <span class='ocrx_word' id='word_1_363' title='bbox 1423 2592 1469 2665; x_wconf 91' lang='lat' dir='ltr'>qni</span> <span class='ocrx_word' id='word_1_364' title='bbox 1492 2603 1600 2651; x_wconf 89' lang='lat' dir='ltr'>sanctos</span> <span class='ocrx_word' id='word_1_365' title='bbox 1614 2608 1679 2651; x_wconf 87' lang='lat' dir='ltr'>suos</span> <span class='ocrx_word' id='word_1_366' title='bbox 1696 2593 1781 2665; x_wconf 86' lang='lat' dir='ltr'>parti-</span> 
     </span>
     <span class='ocr_line' id='line_1_41' title="bbox 176 2678 1783 2760; baseline 0.004 -26"><span class='ocrx_word' id='word_1_367' title='bbox 176 2680 250 2735; x_wconf 85' lang='lat' dir='ltr'>llers.</span> <span class='ocrx_word' id='word_1_368' title='bbox 268 2681 310 2736; x_wconf 86' lang='lat' dir='ltr'>ld.</span> <span class='ocrx_word' id='word_1_369' title='bbox 334 2678 426 2735; x_wconf 78' lang='lat' dir='ltr'>Rastia</span> <span class='ocrx_word' id='word_1_370' title='bbox 446 2687 469 2735; x_wconf 88' lang='grc' dir='ltr'>ιι</span> <span class='ocrx_word' id='word_1_371' title='bbox 496 2682 613 2735; x_wconf 77' lang='lat' dir='ltr'>univerae</span> <span class='ocrx_word' id='word_1_372' title='bbox 637 2695 739 2747; x_wconf 83' lang='lat' dir='ltr'>pecora,</span> <span class='ocrx_word' id='word_1_373' title='bbox 762 2688 889 2748; x_wconf 73' lang='lat' dir='ltr'>supertes</span> <span class='ocrx_word' id='word_1_374' title='bbox 906 2687 935 2739; x_wconf 78' lang='grc' dir='ltr'>,ιι</span> <span class='ocrx_word' id='word_1_375' title='bbox 985 2684 1120 2755; x_wconf 81' lang='lat' dir='ltr'>ripatione</span> <span class='ocrx_word' id='word_1_376' title='bbox 1152 2685 1195 2741; x_wconf 87' lang='lat' dir='ltr'>sui</span> <span class='ocrx_word' id='word_1_377' title='bbox 1226 2687 1347 2743; x_wconf 89' lang='lat' dir='ltr'>muueris</span> <span class='ocrx_word' id='word_1_378' title='bbox 1373 2686 1525 2757; x_wconf 84' lang='lat' dir='ltr'>glorillcare</span> <span class='ocrx_word' id='word_1_379' title='bbox 1553 2686 1717 2760; x_wconf 77' lang='lat' dir='ltr'>dignabitur.</span> <span class='ocrx_word' id='word_1_380' title='bbox 1750 2687 1783 2742; x_wconf 80' lang='lat' dir='ltr'>Et</span> 
     </span>
     <span class='ocr_line' id='line_1_42' title="bbox 136 2774 1779 2850; baseline 0.001 -19"><span class='ocrx_word' id='word_1_381' title='bbox 136 2776 253 2831; x_wconf 75' lang='lat' dir='ltr'>uultures</span> <span class='ocrx_word' id='word_1_382' title='bbox 271 2785 399 2847; x_wconf 78' lang='lat' dir='ltr'>penante.</span> <span class='ocrx_word' id='word_1_383' title='bbox 415 2774 683 2846; x_wconf 83' lang='lat' dir='ltr'>llantersigalllcant</span> <span class='ocrx_word' id='word_1_384' title='bbox 697 2776 821 2831; x_wconf 85' lang='lat' dir='ltr'>nomines</span> <span class='ocrx_word' id='word_1_385' title='bbox 835 2783 935 2844; x_wconf 81' lang='lat' dir='ltr'>praetu-</span> <span class='ocrx_word' id='word_1_386' title='bbox 986 2790 1067 2830; x_wconf 82' lang='lat' dir='ltr'>carust</span> <span class='ocrx_word' id='word_1_387' title='bbox 1090 2789 1139 2842; x_wconf 92' lang='lat' dir='ltr'>pro</span> <span class='ocrx_word' id='word_1_388' title='bbox 1160 2784 1295 2847; x_wconf 83' lang='lat' dir='ltr'>potestate</span> <span class='ocrx_word' id='word_1_389' title='bbox 1322 2776 1450 2850; x_wconf 86' lang='lat' dir='ltr'>positum,</span> <span class='ocrx_word' id='word_1_390' title='bbox 1475 2791 1548 2849; x_wconf 82' lang='lat' dir='ltr'>supe</span> <span class='ocrx_word' id='word_1_391' title='bbox 1571 2779 1627 2850; x_wconf 84' lang='lat' dir='ltr'>jam</span> <span class='ocrx_word' id='word_1_392' title='bbox 1652 2777 1779 2845; x_wconf 80' lang='lat' dir='ltr'>diximus,</span> 
     </span>
     <span class='ocr_line' id='line_1_43' title="bbox 137 2864 1784 2938; baseline -0.001 -15"><span class='ocrx_word' id='word_1_393' title='bbox 137 2867 212 2923; x_wconf 78' lang='lat' dir='ltr'>urna</span> <span class='ocrx_word' id='word_1_394' title='bbox 228 2876 362 2938; x_wconf 83' lang='lat' dir='ltr'>potestate</span> <span class='ocrx_word' id='word_1_395' title='bbox 377 2867 523 2934; x_wconf 87' lang='lat' dir='ltr'>sublimes;</span> <span class='ocrx_word' id='word_1_396' title='bbox 547 2867 636 2935; x_wconf 82' lang='lat' dir='ltr'>ealles,</span> <span class='ocrx_word' id='word_1_397' title='bbox 653 2868 803 2925; x_wconf 87' lang='lat' dir='ltr'>mediocres</span> <span class='ocrx_word' id='word_1_398' title='bbox 826 2867 937 2936; x_wconf 79' lang='lat' dir='ltr'>aequali-</span> <span class='ocrx_word' id='word_1_399' title='bbox 986 2865 1060 2938; x_wconf 91' lang='lat' dir='ltr'>quod</span> <span class='ocrx_word' id='word_1_400' title='bbox 1073 2864 1296 2923; x_wconf 89' lang='lat' dir='ltr'>biebnmiliatum</span> <span class='ocrx_word' id='word_1_401' title='bbox 1312 2877 1354 2924; x_wconf 90' lang='lat' dir='ltr'>est</span> <span class='ocrx_word' id='word_1_402' title='bbox 1368 2864 1477 2938; x_wconf 79' lang='lat' dir='ltr'>propter</span> <span class='ocrx_word' id='word_1_403' title='bbox 1490 2866 1651 2924; x_wconf 88' lang='lat' dir='ltr'>alllictioues</span> <span class='ocrx_word' id='word_1_404' title='bbox 1662 2875 1691 2924; x_wconf 91' lang='lat' dir='ltr'>et</span> <span class='ocrx_word' id='word_1_405' title='bbox 1707 2865 1784 2922; x_wconf 89' lang='lat' dir='ltr'>dole-</span> 
     </span>
     <span class='ocr_line' id='line_1_44' title="bbox 139 2957 1784 3031; baseline -0.002 -18"><span class='ocrx_word' id='word_1_406' title='bbox 139 2965 195 3014; x_wconf 85' lang='lat' dir='ltr'>tate</span> <span class='ocrx_word' id='word_1_407' title='bbox 211 2965 375 3024; x_wconf 88' lang='lat' dir='ltr'>tractantes;</span> <span class='ocrx_word' id='word_1_408' title='bbox 392 2959 462 3031; x_wconf 82' lang='lat' dir='ltr'>liqna</span> <span class='ocrx_word' id='word_1_409' title='bbox 486 2958 633 3028; x_wconf 67' lang='lat' dir='ltr'>fructifera,</span> <span class='ocrx_word' id='word_1_410' title='bbox 648 2958 692 3030; x_wconf 91' lang='lat' dir='ltr'>qui</span> <span class='ocrx_word' id='word_1_411' title='bbox 707 2973 740 3013; x_wconf 82' lang='lat' dir='ltr'>er</span> <span class='ocrx_word' id='word_1_412' title='bbox 755 2957 854 3013; x_wconf 91' lang='lat' dir='ltr'>duritia</span> <span class='ocrx_word' id='word_1_413' title='bbox 875 2971 938 3027; x_wconf 88' lang='lat' dir='ltr'>pec·</span> <span class='ocrx_word' id='word_1_414' title='bbox 987 2973 1042 3025; x_wconf 87' lang='lat' dir='ltr'>res,</span> <span class='ocrx_word' id='word_1_415' title='bbox 1053 2973 1122 3028; x_wconf 88' lang='lat' dir='ltr'>quos</span> <span class='ocrx_word' id='word_1_416' title='bbox 1138 2957 1237 3027; x_wconf 89' lang='lat' dir='ltr'>patitur</span> <span class='ocrx_word' id='word_1_417' title='bbox 1249 2959 1365 3030; x_wconf 89' lang='lat' dir='ltr'>populus</span> <span class='ocrx_word' id='word_1_418' title='bbox 1380 2958 1466 3016; x_wconf 84' lang='lat' dir='ltr'>edetis</span> <span class='ocrx_word' id='word_1_419' title='bbox 1476 2975 1484 3024; x_wconf 89' lang='lat'>;</span> <span class='ocrx_word' id='word_1_420' title='bbox 1496 2958 1533 3014; x_wconf 90' lang='lat' dir='ltr'>ibi</span> <span class='ocrx_word' id='word_1_421' title='bbox 1548 2966 1639 3014; x_wconf 88' lang='lat' dir='ltr'>autem</span> <span class='ocrx_word' id='word_1_422' title='bbox 1658 2957 1784 3013; x_wconf 69' lang='lat' dir='ltr'>exaltati·</span> 
     </span>
     <span class='ocr_line' id='line_1_45' title="bbox 139 3047 1781 3120; baseline -0.004 -12"><span class='ocrx_word' id='word_1_423' title='bbox 139 3059 263 3108; x_wconf 86' lang='lat' dir='ltr'>catorum</span> <span class='ocrx_word' id='word_1_424' title='bbox 276 3052 411 3117; x_wconf 69' lang='lat' dir='ltr'>conuersi,</span> <span class='ocrx_word' id='word_1_425' title='bbox 432 3053 534 3106; x_wconf 88' lang='lat' dir='ltr'>lructus</span> <span class='ocrx_word' id='word_1_426' title='bbox 557 3066 662 3106; x_wconf 89' lang='lat' dir='ltr'>morum</span> <span class='ocrx_word' id='word_1_427' title='bbox 687 3051 802 3107; x_wconf 88' lang='lat' dir='ltr'>intulere</span> <span class='ocrx_word' id='word_1_428' title='bbox 815 3050 938 3106; x_wconf 87' lang='lat' dir='ltr'>dulcissi·</span> <span class='ocrx_word' id='word_1_429' title='bbox 989 3056 1042 3115; x_wconf 82' lang='lat' dir='ltr'>tur,</span> <span class='ocrx_word' id='word_1_430' title='bbox 1059 3049 1104 3104; x_wconf 92' lang='lat' dir='ltr'>ubi</span> <span class='ocrx_word' id='word_1_431' title='bbox 1118 3049 1206 3105; x_wconf 89' lang='lat' dir='ltr'>omnis</span> <span class='ocrx_word' id='word_1_432' title='bbox 1220 3048 1304 3120; x_wconf 88' lang='lat' dir='ltr'>gloria</span> <span class='ocrx_word' id='word_1_433' title='bbox 1319 3048 1458 3105; x_wconf 86' lang='lat' dir='ltr'>manilesta</span> <span class='ocrx_word' id='word_1_434' title='bbox 1481 3057 1622 3120; x_wconf 73' lang='lat' dir='ltr'>prestatur</span> <span class='ocrx_word' id='word_1_435' title='bbox 1635 3065 1643 3102; x_wconf 75' lang='grc' dir='ltr'><strong><em>ε</em></strong></span> <span class='ocrx_word' id='word_1_436' title='bbox 1655 3047 1781 3119; x_wconf 84' lang='lat' dir='ltr'>primum.</span> 
     </span>
     <span class='ocr_line' id='line_1_46' title="bbox 139 3134 1786 3213; baseline -0.001 -17"><span class='ocrx_word' id='word_1_437' title='bbox 139 3155 210 3196; x_wconf 92' lang='lat' dir='ltr'>mos.</span> <span class='ocrx_word' id='word_1_438' title='bbox 227 3139 314 3203; x_wconf 84' lang='lat' dir='ltr'>Cedri,</span> <span class='ocrx_word' id='word_1_439' title='bbox 328 3140 452 3197; x_wconf 88' lang='lat' dir='ltr'>absolute</span> <span class='ocrx_word' id='word_1_440' title='bbox 473 3141 605 3210; x_wconf 87' lang='lat' dir='ltr'>superbos</span> <span class='ocrx_word' id='word_1_441' title='bbox 624 3141 778 3213; x_wconf 88' lang='lat' dir='ltr'>signilieant</span> <span class='ocrx_word' id='word_1_442' title='bbox 791 3149 819 3197; x_wconf 91' lang='lat' dir='ltr'>et</span> <span class='ocrx_word' id='word_1_443' title='bbox 833 3140 937 3205; x_wconf 82' lang='lat' dir='ltr'>elatos;</span> <span class='ocrx_word' id='word_1_444' title='bbox 953 3134 976 3198; x_wconf 87' lang='lat' dir='ltr'>C</span> <span class='ocrx_word' id='word_1_445' title='bbox 991 3139 1052 3211; x_wconf 89' lang='lat' dir='ltr'>quia</span> <span class='ocrx_word' id='word_1_446' title='bbox 1066 3140 1206 3196; x_wconf 75' lang='lat' dir='ltr'>dexteram</span> <span class='ocrx_word' id='word_1_447' title='bbox 1221 3149 1373 3208; x_wconf 89' lang='lat' dir='ltr'>merentur;</span> <span class='ocrx_word' id='word_1_448' title='bbox 1389 3141 1490 3198; x_wconf 87' lang='lat' dir='ltr'>deinde</span> <span class='ocrx_word' id='word_1_449' title='bbox 1503 3156 1564 3198; x_wconf 90' lang='lat' dir='ltr'>eum</span> <span class='ocrx_word' id='word_1_450' title='bbox 1580 3139 1694 3196; x_wconf 83' lang='lat' dir='ltr'>Domino</span> <span class='ocrx_word' id='word_1_451' title='bbox 1713 3138 1786 3210; x_wconf 79' lang='lat' dir='ltr'>judi·</span> 
     </span>
     <span class='ocr_line' id='line_1_47' title="bbox 141 3230 1787 3305; baseline -0.001 -17"><span class='ocrx_word' id='word_1_452' title='bbox 141 3232 241 3303; x_wconf 72' lang='lat' dir='ltr'>bestiae,</span> <span class='ocrx_word' id='word_1_453' title='bbox 258 3232 383 3288; x_wconf 88' lang='lat' dir='ltr'>crudeles</span> <span class='ocrx_word' id='word_1_454' title='bbox 399 3240 482 3303; x_wconf 91' lang='lat' dir='ltr'>atque</span> <span class='ocrx_word' id='word_1_455' title='bbox 507 3232 669 3299; x_wconf 83' lang='lat' dir='ltr'>indomitas3</span> <span class='ocrx_word' id='word_1_456' title='bbox 695 3232 812 3288; x_wconf 82' lang='lat' dir='ltr'>uniuerso</span> <span class='ocrx_word' id='word_1_457' title='bbox 833 3248 937 3304; x_wconf 87' lang='lat' dir='ltr'>perora,</span> <span class='ocrx_word' id='word_1_458' title='bbox 990 3232 1106 3297; x_wconf 83' lang='lat' dir='ltr'>uabnut;</span> <span class='ocrx_word' id='word_1_459' title='bbox 1123 3231 1249 3295; x_wconf 64' lang='lat' dir='ltr'>tertiolo</span> <span class='ocrx_word' id='word_1_460' title='bbox 1262 3240 1391 3289; x_wconf 81' lang='lat' dir='ltr'>aeternam</span> <span class='ocrx_word' id='word_1_461' title='bbox 1402 3247 1494 3305; x_wconf 89' lang='lat' dir='ltr'>pacem</span> <span class='ocrx_word' id='word_1_462' title='bbox 1506 3230 1685 3304; x_wconf 83' lang='lat' dir='ltr'>gaudiumque</span> <span class='ocrx_word' id='word_1_463' title='bbox 1698 3241 1787 3288; x_wconf 87' lang='lat' dir='ltr'>trans·</span> 
     </span>
     <span class='ocr_line' id='line_1_48' title="bbox 140 3322 1786 3396; baseline -0.002 -17"><span class='ocrx_word' id='word_1_464' title='bbox 140 3338 313 3381; x_wconf 89' lang='lat' dir='ltr'>communem</span> <span class='ocrx_word' id='word_1_465' title='bbox 334 3325 439 3381; x_wconf 89' lang='lat' dir='ltr'>scilicet</span> <span class='ocrx_word' id='word_1_466' title='bbox 461 3333 488 3380; x_wconf 86' lang='lat' dir='ltr'>et</span> <span class='ocrx_word' id='word_1_467' title='bbox 508 3325 639 3381; x_wconf 83' lang='lat' dir='ltr'>inlinitum</span> <span class='ocrx_word' id='word_1_468' title='bbox 657 3325 773 3396; x_wconf 87' lang='lat' dir='ltr'>plebem.</span> <span class='ocrx_word' id='word_1_469' title='bbox 790 3324 937 3396; x_wconf 79' lang='lat' dir='ltr'>Serpentes,</span> <span class='ocrx_word' id='word_1_470' title='bbox 991 3325 1082 3391; x_wconf 86' lang='lat' dir='ltr'>ibunt;</span> <span class='ocrx_word' id='word_1_471' title='bbox 1103 3331 1131 3380; x_wconf 92' lang='grc' dir='ltr'>ιιι</span> <span class='ocrx_word' id='word_1_472' title='bbox 1156 3324 1253 3380; x_wconf 88' lang='lat' dir='ltr'>merite</span> <span class='ocrx_word' id='word_1_473' title='bbox 1280 3324 1390 3380; x_wconf 80' lang='lat' dir='ltr'>exaltati</span> <span class='ocrx_word' id='word_1_474' title='bbox 1413 3323 1551 3388; x_wconf 83' lang='lat' dir='ltr'>dicautur,</span> <span class='ocrx_word' id='word_1_475' title='bbox 1576 3325 1623 3396; x_wconf 92' lang='lat' dir='ltr'>qul</span> <span class='ocrx_word' id='word_1_476' title='bbox 1651 3322 1786 3395; x_wconf 87' lang='lat' dir='ltr'>usquead</span> 
     </span>
     <span class='ocr_line' id='line_1_49' title="bbox 141 3412 1786 3488; baseline 0.001 -19"><span class='ocrx_word' id='word_1_477' title='bbox 141 3430 294 3471; x_wconf 82' lang='lat' dir='ltr'>reuerrusos</span> <span class='ocrx_word' id='word_1_478' title='bbox 307 3416 371 3470; x_wconf 90' lang='lat' dir='ltr'>dicit</span> <span class='ocrx_word' id='word_1_479' title='bbox 389 3423 418 3470; x_wconf 91' lang='lat' dir='ltr'>et</span> <span class='ocrx_word' id='word_1_480' title='bbox 437 3414 564 3470; x_wconf 79' lang='lat' dir='ltr'>callidos.</span> <span class='ocrx_word' id='word_1_481' title='bbox 585 3412 708 3469; x_wconf 84' lang='lat' dir='ltr'>l&#39;olucrea</span> <span class='ocrx_word' id='word_1_482' title='bbox 722 3423 840 3486; x_wconf 65' lang='lat' dir='ltr'>pennatae</span> <span class='ocrx_word' id='word_1_483' title='bbox 854 3414 941 3485; x_wconf 89' lang='lat' dir='ltr'>pbilo-</span> <span class='ocrx_word' id='word_1_484' title='bbox 989 3414 1076 3488; x_wconf 87' lang='lat' dir='ltr'>ipsius</span> <span class='ocrx_word' id='word_1_485' title='bbox 1095 3415 1200 3473; x_wconf 83' lang='lat' dir='ltr'>llomini</span> <span class='ocrx_word' id='word_1_486' title='bbox 1214 3417 1468 3488; x_wconf 89' lang='lat' dir='ltr'>contemplationem</span> <span class='ocrx_word' id='word_1_487' title='bbox 1482 3417 1595 3473; x_wconf 89' lang='lat' dir='ltr'>mirabili</span> <span class='ocrx_word' id='word_1_488' title='bbox 1609 3416 1668 3487; x_wconf 80' lang='lat' dir='ltr'>eius</span> <span class='ocrx_word' id='word_1_489' title='bbox 1687 3415 1786 3488; x_wconf 79' lang='lat' dir='ltr'>pictae</span> 
     </span>
     <span class='ocr_line' id='line_1_50' title="bbox 141 3506 1787 3582; baseline -0.001 -19"><span class='ocrx_word' id='word_1_490' title='bbox 141 3507 244 3578; x_wconf 85' lang='lat' dir='ltr'>sopitos</span> <span class='ocrx_word' id='word_1_491' title='bbox 263 3508 425 3577; x_wconf 77' lang='lat' dir='ltr'>significant.</span> <span class='ocrx_word' id='word_1_492' title='bbox 440 3507 485 3576; x_wconf 90' lang='lat' dir='ltr'>qui</span> <span class='ocrx_word' id='word_1_493' title='bbox 507 3507 700 3578; x_wconf 77' lang='lat' dir='ltr'>cogitationum</span> <span class='ocrx_word' id='word_1_494' title='bbox 715 3521 825 3563; x_wconf 80' lang='lat' dir='ltr'>suerrum</span> <span class='ocrx_word' id='word_1_495' title='bbox 839 3506 941 3564; x_wconf 84' lang='lat' dir='ltr'>reloci-</span> <span class='ocrx_word' id='word_1_496' title='bbox 993 3508 1162 3580; x_wconf 84' lang='lat' dir='ltr'>perveniunt.</span> <span class='ocrx_word' id='word_1_497' title='bbox 1190 3506 1268 3578; x_wconf 84' lang='lat' dir='ltr'>Quod</span> <span class='ocrx_word' id='word_1_498' title='bbox 1291 3518 1356 3565; x_wconf 90' lang='lat' dir='ltr'>tuuc</span> <span class='ocrx_word' id='word_1_499' title='bbox 1379 3508 1408 3564; x_wconf 87' lang='lat' dir='ltr'>tu</span> <span class='ocrx_word' id='word_1_500' title='bbox 1434 3507 1516 3582; x_wconf 83' lang='lat' dir='ltr'>(sicut</span> <span class='ocrx_word' id='word_1_501' title='bbox 1539 3508 1608 3564; x_wconf 89' lang='lat' dir='ltr'>dicit</span> <span class='ocrx_word' id='word_1_502' title='bbox 1631 3507 1787 3579; x_wconf 84' lang='lat' dir='ltr'>spostolus)</span> 
     </span>
     <span class='ocr_line' id='line_1_51' title="bbox 143 3596 1789 3673; baseline -0.002 -18"><span class='ocrx_word' id='word_1_503' title='bbox 143 3608 200 3655; x_wconf 91' lang='lat' dir='ltr'>tate</span> <span class='ocrx_word' id='word_1_504' title='bbox 211 3607 321 3655; x_wconf 90' lang='lat' dir='ltr'>naturas</span> <span class='ocrx_word' id='word_1_505' title='bbox 336 3614 424 3654; x_wconf 84' lang='lat' dir='ltr'>rerum</span> <span class='ocrx_word' id='word_1_506' title='bbox 436 3599 590 3654; x_wconf 85' lang='lat' dir='ltr'>discurrere</span> <span class='ocrx_word' id='word_1_507' title='bbox 603 3607 779 3654; x_wconf 84' lang='lat' dir='ltr'>consuerunt.</span> <span class='ocrx_word' id='word_1_508' title='bbox 792 3598 831 3654; x_wconf 84' lang='lat' dir='ltr'>lle</span> <span class='ocrx_word' id='word_1_509' title='bbox 845 3599 942 3668; x_wconf 87' lang='lat' dir='ltr'>quibus</span> <span class='ocrx_word' id='word_1_510' title='bbox 993 3617 1052 3656; x_wconf 86' lang='lat' dir='ltr'>curn</span> <span class='ocrx_word' id='word_1_511' title='bbox 1073 3601 1207 3656; x_wconf 83' lang='lat' dir='ltr'>tradiderit</span> <span class='ocrx_word' id='word_1_512' title='bbox 1228 3614 1337 3673; x_wconf 77' lang='lat' dir='ltr'>regnaut</span> <span class='ocrx_word' id='word_1_513' title='bbox 1360 3596 1416 3657; x_wconf 80' lang='lat' dir='ltr'>Deo</span> <span class='ocrx_word' id='word_1_514' title='bbox 1441 3598 1527 3664; x_wconf 81' lang='lat' dir='ltr'>l’atri,</span> <span class='ocrx_word' id='word_1_515' title='bbox 1548 3616 1606 3655; x_wconf 87' lang='lat' dir='ltr'>eunt</span> <span class='ocrx_word' id='word_1_516' title='bbox 1633 3600 1789 3655; x_wconf 78' lang='lat' dir='ltr'>emanauerit</span> 
     </span>
     <span class='ocr_line' id='line_1_52' title="bbox 143 3692 1789 3766; baseline -0.004 -15"><span class='ocrx_word' id='word_1_517' title='bbox 143 3695 271 3751; x_wconf 82' lang='lat' dir='ltr'>erunibus</span> <span class='ocrx_word' id='word_1_518' title='bbox 296 3694 440 3765; x_wconf 83' lang='lat' dir='ltr'>generibus</span> <span class='ocrx_word' id='word_1_519' title='bbox 466 3693 603 3747; x_wconf 83' lang='lat' dir='ltr'>bantinum</span> <span class='ocrx_word' id='word_1_520' title='bbox 628 3692 752 3746; x_wconf 85' lang='lat' dir='ltr'>Christus</span> <span class='ocrx_word' id='word_1_521' title='bbox 766 3693 817 3746; x_wconf 89' lang='lat' dir='ltr'>sibi</span> <span class='ocrx_word' id='word_1_522' title='bbox 841 3693 942 3748; x_wconf 83' lang='lat' dir='ltr'>clectos</span> <span class='ocrx_word' id='word_1_523' title='bbox 993 3693 1445 3765; x_wconf 70' lang='lat' dir='ltr'>enarrempriueipatattt,eletttuem</span> <span class='ocrx_word' id='word_1_524' title='bbox 1457 3701 1620 3766; x_wconf 79' lang='lat' dir='ltr'>potestatem,</span> <span class='ocrx_word' id='word_1_525' title='bbox 1635 3692 1789 3748; x_wconf 80' lang='lat' dir='ltr'>ttuirtutem</span> 
     </span>
     <span class='ocr_line' id='line_1_53' title="bbox 145 3781 1790 3858; baseline -0.002 -19"><span class='ocrx_word' id='word_1_526' title='bbox 145 3795 234 3857; x_wconf 81' lang='lat' dir='ltr'>parat,</span> <span class='ocrx_word' id='word_1_527' title='bbox 249 3788 294 3856; x_wconf 87' lang='lat' dir='ltr'>qni</span> <span class='ocrx_word' id='word_1_528' title='bbox 310 3786 337 3840; x_wconf 90' lang='lat' dir='ltr'>iu</span> <span class='ocrx_word' id='word_1_529' title='bbox 362 3784 408 3841; x_wconf 86' lang='lat' dir='ltr'>illa</span> <span class='ocrx_word' id='word_1_530' title='bbox 429 3783 629 3840; x_wconf 83' lang='lat' dir='ltr'>resurrectione</span> <span class='ocrx_word' id='word_1_531' title='bbox 655 3781 813 3852; x_wconf 86' lang='lat' dir='ltr'>attgelorum</span> <span class='ocrx_word' id='word_1_532' title='bbox 837 3781 942 3851; x_wconf 85' lang='lat' dir='ltr'>possint</span> <span class='ocrx_word' id='word_1_533' title='bbox 995 3781 1023 3857; x_wconf 84' lang='lat' dir='ltr'>(l</span> <span class='ocrx_word' id='word_1_534' title='bbox 1036 3784 1098 3841; x_wconf 82' lang='lat' dir='ltr'>Ger.</span> <span class='ocrx_word' id='word_1_535' title='bbox 1112 3801 1158 3852; x_wconf 81' lang='lat' dir='ltr'>ar,</span> <span class='ocrx_word' id='word_1_536' title='bbox 1175 3784 1235 3852; x_wconf 65' lang='lat' dir='ltr'>iil.</span> <span class='ocrx_word' id='word_1_537' title='bbox 1255 3784 1371 3857; x_wconf 85' lang='lat' dir='ltr'>Oportet</span> <span class='ocrx_word' id='word_1_538' title='bbox 1394 3785 1542 3841; x_wconf 86' lang='lat' dir='ltr'>enimcum</span> <span class='ocrx_word' id='word_1_539' title='bbox 1559 3799 1683 3858; x_wconf 86' lang='lat' dir='ltr'>regnare,</span> <span class='ocrx_word' id='word_1_540' title='bbox 1703 3783 1790 3838; x_wconf 86' lang='lat' dir='ltr'>dorree</span> 
     </span>
     <span class='ocr_line' id='line_1_54' title="bbox 144 3873 1789 3949; baseline -0.004 -16"><span class='ocrx_word' id='word_1_541' title='bbox 144 3876 262 3933; x_wconf 82' lang='lat' dir='ltr'>coetibus</span> <span class='ocrx_word' id='word_1_542' title='bbox 274 3875 422 3947; x_wconf 85' lang='lat' dir='ltr'>aggregari.</span> <span class='ocrx_word' id='word_1_543' title='bbox 994 3885 1076 3949; x_wconf 87' lang='lat' dir='ltr'>ponat</span> <span class='ocrx_word' id='word_1_544' title='bbox 1101 3892 1198 3934; x_wconf 87' lang='lat' dir='ltr'>omues</span> <span class='ocrx_word' id='word_1_545' title='bbox 1211 3876 1336 3933; x_wconf 90' lang='lat' dir='ltr'>inimicos</span> <span class='ocrx_word' id='word_1_546' title='bbox 1358 3877 1408 3932; x_wconf 88' lang='lat' dir='ltr'>snb</span> <span class='ocrx_word' id='word_1_547' title='bbox 1429 3876 1542 3947; x_wconf 74' lang='lat' dir='ltr'>oedttsns</span> <span class='ocrx_word' id='word_1_548' title='bbox 1565 3876 1636 3946; x_wconf 78' lang='lat' dir='ltr'>eiras.</span> <span class='ocrx_word' id='word_1_549' title='bbox 1651 3873 1789 3944; x_wconf 83' lang='lat' dir='ltr'>Sequitur,</span> 
     </span>
     <span class='ocr_line' id='line_1_55' title="bbox 184 3963 1791 4042; baseline -0.001 -24"><span class='ocrx_word' id='word_1_550' title='bbox 184 3966 264 4022; x_wconf 79' lang='lat' dir='ltr'>Vers.</span> <span class='ocrx_word' id='word_1_551' title='bbox 282 3967 323 4020; x_wconf 92' lang='lat' dir='ltr'>ll.</span> <span class='ocrx_word' id='word_1_552' title='bbox 340 3966 421 4036; x_wconf 79' lang='lat' dir='ltr'>deges</span> <span class='ocrx_word' id='word_1_553' title='bbox 434 3974 508 4021; x_wconf 81' lang='lat' dir='ltr'>terra</span> <span class='ocrx_word' id='word_1_554' title='bbox 522 3976 544 4020; x_wconf 88' lang='grc' dir='ltr'>ιι</span> <span class='ocrx_word' id='word_1_555' title='bbox 562 3979 649 4019; x_wconf 77' lang='lat' dir='ltr'>aarum</span> <span class='ocrx_word' id='word_1_556' title='bbox 670 3963 768 4035; x_wconf 86' lang='lat' dir='ltr'>papali,</span> <span class='ocrx_word' id='word_1_557' title='bbox 780 3963 907 4033; x_wconf 77' lang='lat' dir='ltr'>principer</span> <span class='ocrx_word' id='word_1_558' title='bbox 921 3971 944 4017; x_wconf 85' lang='lat' dir='ltr'>tl</span> <span class='ocrx_word' id='word_1_559' title='bbox 996 3970 1105 4042; x_wconf 81' lang='lat' dir='ltr'>dgmuus</span> <span class='ocrx_word' id='word_1_560' title='bbox 1118 3967 1235 4023; x_wconf 83' lang='lat' dir='ltr'>erunibus</span> <span class='ocrx_word' id='word_1_561' title='bbox 1250 3968 1346 4022; x_wconf 76' lang='lat' dir='ltr'>sanctie</span> <span class='ocrx_word' id='word_1_562' title='bbox 1357 3968 1425 4039; x_wconf 76' lang='lat' dir='ltr'>ejus.</span> <span class='ocrx_word' id='word_1_563' title='bbox 1440 3965 1499 4022; x_wconf 78' lang='lat' dir='ltr'>Vox</span> <span class='ocrx_word' id='word_1_564' title='bbox 1523 3966 1574 4021; x_wconf 90' lang='lat' dir='ltr'>ista</span> <span class='ocrx_word' id='word_1_565' title='bbox 1595 3963 1738 4037; x_wconf 78' lang='lat' dir='ltr'>promissio</span> <span class='ocrx_word' id='word_1_566' title='bbox 1749 3972 1791 4018; x_wconf 83' lang='lat' dir='ltr'>est</span> 
     </span>
     <span class='ocr_line' id='line_1_56' title="bbox 146 4053 1790 4131; baseline -0.014 2"><span class='ocrx_word' id='word_1_567' title='bbox 146 4058 345 4131; x_wconf 59' lang='lat' dir='ltr'>⁰M²⁸Jldff⁶⁶³</span> <span class='ocrx_word' id='word_1_568' title='bbox 358 4066 442 4111; x_wconf 61' lang='lat' dir='ltr'>‘W</span> <span class='ocrx_word' id='word_1_569' title='bbox 996 4071 1023 4120; x_wconf 90' lang='lat' dir='ltr'>et</span> <span class='ocrx_word' id='word_1_570' title='bbox 1046 4062 1128 4119; x_wconf 90' lang='lat' dir='ltr'>totius</span> <span class='ocrx_word' id='word_1_571' title='bbox 1147 4058 1320 4118; x_wconf 86' lang='lat' dir='ltr'>beatitudinis</span> <span class='ocrx_word' id='word_1_572' title='bbox 1341 4072 1446 4114; x_wconf 69' lang='lat' dir='ltr'>sumatis</span> <span class='ocrx_word' id='word_1_573' title='bbox 1473 4055 1611 4127; x_wconf 81' lang='lat' dir='ltr'>perfectio.</span> <span class='ocrx_word' id='word_1_574' title='bbox 1629 4056 1695 4110; x_wconf 86' lang='lat' dir='ltr'>llam</span> <span class='ocrx_word' id='word_1_575' title='bbox 1721 4053 1790 4125; x_wconf 86' lang='lat' dir='ltr'>qnotl</span> 
     </span>
     <span class='ocr_line' id='line_1_57' title="bbox 184 4145 1792 4223; baseline -0.003 -22"><span class='ocrx_word' id='word_1_576' title='bbox 184 4146 263 4204; x_wconf 88' lang='lat' dir='ltr'>llers.</span> <span class='ocrx_word' id='word_1_577' title='bbox 278 4148 323 4200; x_wconf 66' lang='lat' dir='ltr'>li.</span> <span class='ocrx_word' id='word_1_578' title='bbox 339 4145 483 4202; x_wconf 74' lang='lat' dir='ltr'>lurenetet</span> <span class='ocrx_word' id='word_1_579' title='bbox 499 4147 620 4219; x_wconf 81' lang='lat' dir='ltr'>uirginea,</span> <span class='ocrx_word' id='word_1_580' title='bbox 634 4147 745 4202; x_wconf 82' lang='lat' dir='ltr'>seniores</span> <span class='ocrx_word' id='word_1_581' title='bbox 756 4163 814 4201; x_wconf 86' lang='lat' dir='ltr'>rum</span> <span class='ocrx_word' id='word_1_582' title='bbox 829 4147 945 4217; x_wconf 79' lang='lat' dir='ltr'>justiori·</span> <span class='ocrx_word' id='word_1_583' title='bbox 997 4154 1173 4211; x_wconf 71' lang='lat' dir='ltr'>merebuntur</span> <span class='ocrx_word' id='word_1_584' title='bbox 1188 4151 1293 4220; x_wconf 68' lang='lat' dir='ltr'>sancti,</span> <span class='ocrx_word' id='word_1_585' title='bbox 1315 4152 1432 4223; x_wconf 71' lang='lat' dir='ltr'>tnymnns</span> <span class='ocrx_word' id='word_1_586' title='bbox 1446 4159 1488 4206; x_wconf 72' lang='lat' dir='ltr'>esu</span> <span class='ocrx_word' id='word_1_587' title='bbox 1503 4148 1619 4214; x_wconf 79' lang='lat' dir='ltr'>Domini,</span> <span class='ocrx_word' id='word_1_588' title='bbox 1634 4162 1713 4217; x_wconf 82' lang='lat' dir='ltr'>quem</span> <span class='ocrx_word' id='word_1_589' title='bbox 1729 4156 1792 4202; x_wconf 74' lang='lat' dir='ltr'>turne</span> 
     </span>
     <span class='ocr_line' id='line_1_58' title="bbox 146 4237 1792 4316; baseline -0.004 -20"><span class='ocrx_word' id='word_1_590' title='bbox 146 4242 205 4296; x_wconf 79' lang='lat' dir='ltr'>ter.</span> <span class='ocrx_word' id='word_1_591' title='bbox 219 4240 300 4310; x_wconf 81' lang='lat' dir='ltr'>deges</span> <span class='ocrx_word' id='word_1_592' title='bbox 312 4249 437 4295; x_wconf 87' lang='lat' dir='ltr'>terrarum</span> <span class='ocrx_word' id='word_1_593' title='bbox 454 4239 610 4309; x_wconf 79' lang='lat' dir='ltr'>frequenter</span> <span class='ocrx_word' id='word_1_594' title='bbox 620 4239 737 4294; x_wconf 87' lang='lat' dir='ltr'>diximus</span> <span class='ocrx_word' id='word_1_595' title='bbox 751 4249 860 4295; x_wconf 88' lang='lat' dir='ltr'>sanctas</span> <span class='ocrx_word' id='word_1_596' title='bbox 874 4240 946 4297; x_wconf 83' lang='lat' dir='ltr'>siros</span> <span class='ocrx_word' id='word_1_597' title='bbox 1002 4255 1102 4303; x_wconf 82' lang='lat' dir='ltr'>canunt</span> <span class='ocrx_word' id='word_1_598' title='bbox 1115 4244 1226 4316; x_wconf 84' lang='lat' dir='ltr'>quaudo</span> <span class='ocrx_word' id='word_1_599' title='bbox 1240 4252 1267 4301; x_wconf 90' lang='lat' dir='ltr'>et</span> <span class='ocrx_word' id='word_1_600' title='bbox 1279 4252 1381 4299; x_wconf 77' lang='lat' dir='ltr'>aterno</span> <span class='ocrx_word' id='word_1_601' title='bbox 1394 4255 1505 4298; x_wconf 87' lang='lat' dir='ltr'>munere</span> <span class='ocrx_word' id='word_1_602' title='bbox 1517 4239 1726 4297; x_wconf 82' lang='lat' dir='ltr'>curonnbuntnr.</span> <span class='ocrx_word' id='word_1_603' title='bbox 1740 4237 1792 4291; x_wconf 88' lang='lat' dir='ltr'>lsto</span> 
     </span>
     <span class='ocr_line' id='line_1_59' title="bbox 147 4328 1793 4407; baseline -0.01 -10"><span class='ocrx_word' id='word_1_604' title='bbox 147 4344 223 4397; x_wconf 69' lang='lat' dir='ltr'>esse.</span> <span class='ocrx_word' id='word_1_605' title='bbox 236 4338 362 4401; x_wconf 75' lang='lat' dir='ltr'>regentes</span> <span class='ocrx_word' id='word_1_606' title='bbox 382 4343 495 4396; x_wconf 78' lang='lat' dir='ltr'>terete</span> <span class='ocrx_word' id='word_1_607' title='bbox 509 4329 629 4399; x_wconf 70' lang='lat' dir='ltr'>auaui</span> <span class='ocrx_word' id='word_1_608' title='bbox 643 4331 718 4385; x_wconf 77' lang='lat' dir='ltr'>cerei</span> <span class='ocrx_word' id='word_1_609' title='bbox 733 4329 849 4399; x_wconf 70' lang='lat' dir='ltr'>propriu</span> <span class='ocrx_word' id='word_1_610' title='bbox 863 4330 946 4400; x_wconf 74' lang='lat' dir='ltr'>ione</span> <span class='ocrx_word' id='word_1_611' title='bbox 998 4335 1070 4395; x_wconf 81' lang='lat' dir='ltr'>enin</span> <span class='ocrx_word' id='word_1_612' title='bbox 1094 4345 1232 4407; x_wconf 70' lang='lat' dir='ltr'>percepta,</span> <span class='ocrx_word' id='word_1_613' title='bbox 1256 4333 1366 4390; x_wconf 69' lang='lat' dir='ltr'>utaentur</span> <span class='ocrx_word' id='word_1_614' title='bbox 1392 4332 1428 4388; x_wconf 82' lang='lat' dir='ltr'>ut</span> <span class='ocrx_word' id='word_1_615' title='bbox 1452 4332 1584 4404; x_wconf 67' lang='lat' dir='ltr'>egestus</span> <span class='ocrx_word' id='word_1_616' title='bbox 1602 4329 1718 4388; x_wconf 71' lang='lat' dir='ltr'>selune</span> <span class='ocrx_word' id='word_1_617' title='bbox 1742 4328 1793 4386; x_wconf 74' lang='lat' dir='ltr'>ertu</span> 
     </span>
     <span class='ocr_line' id='line_1_60' title="bbox 147 4420 1793 4501; baseline -0.001 -24"><span class='ocrx_word' id='word_1_618' title='bbox 147 4429 251 4485; x_wconf 84' lang='lat' dir='ltr'>rantes,</span> <span class='ocrx_word' id='word_1_619' title='bbox 263 4435 322 4474; x_wconf 85' lang='lat' dir='ltr'>eam</span> <span class='ocrx_word' id='word_1_620' title='bbox 338 4435 389 4474; x_wconf 91' lang='lat' dir='ltr'>non</span> <span class='ocrx_word' id='word_1_621' title='bbox 401 4420 560 4491; x_wconf 90' lang='lat' dir='ltr'>permittunt</span> <span class='ocrx_word' id='word_1_622' title='bbox 573 4420 717 4476; x_wconf 83' lang='lat' dir='ltr'>illecebras</span> <span class='ocrx_word' id='word_1_623' title='bbox 728 4435 783 4476; x_wconf 79' lang='lat' dir='ltr'>snae</span> <span class='ocrx_word' id='word_1_624' title='bbox 798 4421 946 4476; x_wconf 85' lang='lat' dir='ltr'>uoluntatis</span> <span class='ocrx_word' id='word_1_625' title='bbox 998 4427 1126 4501; x_wconf 88' lang='lat' dir='ltr'>quidquid</span> <span class='ocrx_word' id='word_1_626' title='bbox 1140 4426 1220 4483; x_wconf 78' lang='grc' dir='ltr'>ιιιοιιο</span> <span class='ocrx_word' id='word_1_627' title='bbox 1236 4441 1289 4482; x_wconf 86' lang='lat' dir='ltr'>trun</span> <span class='ocrx_word' id='word_1_628' title='bbox 1305 4427 1376 4481; x_wconf 85' lang='lat' dir='ltr'>valet</span> <span class='ocrx_word' id='word_1_629' title='bbox 1395 4423 1560 4495; x_wconf 69' lang='lat' dir='ltr'>apprehendi</span> <span class='ocrx_word' id='word_1_630' title='bbox 1577 4439 1584 4478; x_wconf 74' lang='grc' dir='ltr'>ε</span> <span class='ocrx_word' id='word_1_631' title='bbox 1601 4436 1699 4479; x_wconf 87' lang='lat' dir='ltr'>ntatma</span> <span class='ocrx_word' id='word_1_632' title='bbox 1711 4423 1793 4477; x_wconf 81' lang='lat' dir='ltr'>coe&#39;c-</span> 
     </span>
     <span class='ocr_line' id='line_1_61' title="bbox 147 4511 1792 4586; baseline -0.001 -20"><span class='ocrx_word' id='word_1_633' title='bbox 147 4511 196 4576; x_wconf 73' lang='lat' dir='ltr'>itur</span> <span class='ocrx_word' id='word_1_634' title='bbox 207 4511 273 4566; x_wconf 92' lang='lat' dir='ltr'>lere.</span> <span class='ocrx_word' id='word_1_635' title='bbox 292 4511 386 4567; x_wconf 87' lang='lat' dir='ltr'>Omaer</span> <span class='ocrx_word' id='word_1_636' title='bbox 402 4511 491 4582; x_wconf 84' lang='lat' dir='ltr'>papuli</span> <span class='ocrx_word' id='word_1_637' title='bbox 505 4512 599 4567; x_wconf 85' lang='lat' dir='ltr'>tnrbas</span> <span class='ocrx_word' id='word_1_638' title='bbox 616 4511 761 4584; x_wconf 83' lang='lat' dir='ltr'>signilleat,</span> <span class='ocrx_word' id='word_1_639' title='bbox 775 4528 836 4581; x_wconf 78' lang='lat' dir='ltr'>qne</span> <span class='ocrx_word' id='word_1_640' title='bbox 848 4513 881 4566; x_wconf 85' lang='lat' dir='ltr'>ad</span> <span class='ocrx_word' id='word_1_641' title='bbox 894 4512 947 4568; x_wconf 81' lang='lat' dir='ltr'>llo-</span> <span class='ocrx_word' id='word_1_642' title='bbox 962 4512 985 4572; x_wconf 87' lang='grc' dir='ltr'>Ι)</span> <span class='ocrx_word' id='word_1_643' title='bbox 998 4519 1058 4584; x_wconf 87' lang='lat' dir='ltr'>stis,</span> <span class='ocrx_word' id='word_1_644' title='bbox 1070 4518 1182 4575; x_wconf 88' lang='lat' dir='ltr'>satietas</span> <span class='ocrx_word' id='word_1_645' title='bbox 1192 4514 1385 4585; x_wconf 78' lang='lat' dir='ltr'>infastidibilis,</span> <span class='ocrx_word' id='word_1_646' title='bbox 1398 4512 1792 4586; x_wconf 82' lang='lat' dir='ltr'>irteomprelrenslbiledonum,</span> 
     </span>
     <span class='ocr_line' id='line_1_62' title="bbox 148 4602 1790 4682; baseline 0.004 -25"><span class='ocrx_word' id='word_1_647' title='bbox 148 4602 253 4657; x_wconf 88' lang='lat' dir='ltr'>minum</span> <span class='ocrx_word' id='word_1_648' title='bbox 269 4616 413 4657; x_wconf 88' lang='lat' dir='ltr'>urrmerosa</span> <span class='ocrx_word' id='word_1_649' title='bbox 427 4602 506 4656; x_wconf 90' lang='lat' dir='ltr'>simul</span> <span class='ocrx_word' id='word_1_650' title='bbox 528 4604 666 4657; x_wconf 83' lang='lat' dir='ltr'>uoluntate</span> <span class='ocrx_word' id='word_1_651' title='bbox 680 4604 854 4658; x_wconf 85' lang='lat' dir='ltr'>eorrreuinut.</span> <span class='ocrx_word' id='word_1_652' title='bbox 869 4602 948 4657; x_wconf 82' lang='lat' dir='ltr'>Prin·</span> <span class='ocrx_word' id='word_1_653' title='bbox 1000 4610 1108 4667; x_wconf 68' lang='lat' dir='ltr'>assidue</span> <span class='ocrx_word' id='word_1_654' title='bbox 1129 4611 1180 4666; x_wconf 85' lang='lat' dir='ltr'>boe</span> <span class='ocrx_word' id='word_1_655' title='bbox 1195 4626 1286 4682; x_wconf 82' lang='lat' dir='ltr'>agero,</span> <span class='ocrx_word' id='word_1_656' title='bbox 1301 4616 1329 4666; x_wconf 86' lang='grc' dir='ltr'>ει</span> <span class='ocrx_word' id='word_1_657' title='bbox 1343 4609 1369 4664; x_wconf 93' lang='lat' dir='ltr'>in</span> <span class='ocrx_word' id='word_1_658' title='bbox 1395 4625 1428 4665; x_wconf 87' lang='lat' dir='ltr'>eo</span> <span class='ocrx_word' id='word_1_659' title='bbox 1449 4608 1539 4665; x_wconf 69' lang='lat' dir='ltr'>stratio</span> <span class='ocrx_word' id='word_1_660' title='bbox 1564 4622 1672 4677; x_wconf 88' lang='lat' dir='ltr'>semper</span> <span class='ocrx_word' id='word_1_661' title='bbox 1686 4607 1790 4661; x_wconf 75' lang='lat' dir='ltr'>ardere.</span> 
     </span>
    </p>
   </div>
   <div class='ocr_carea' id='block_1_10' title="bbox 148 4694 1794 5047">
    <p class='ocr_par' dir='ltr' id='par_1_10' title="bbox 148 4694 1794 5047">
     <span class='ocr_line' id='line_1_63' title="bbox 148 4694 1793 4775; baseline -0.005 -17"><span class='ocrx_word' id='word_1_662' title='bbox 148 4695 232 4764; x_wconf 71' lang='lat' dir='ltr'>elaea</span> <span class='ocrx_word' id='word_1_663' title='bbox 248 4695 339 4750; x_wconf 78' lang='lat' dir='ltr'>seculi</span> <span class='ocrx_word' id='word_1_664' title='bbox 356 4703 505 4764; x_wconf 74' lang='lat' dir='ltr'>potestates</span> <span class='ocrx_word' id='word_1_665' title='bbox 520 4694 642 4751; x_wconf 78' lang='lat' dir='ltr'>excelsas</span> <span class='ocrx_word' id='word_1_666' title='bbox 658 4710 711 4750; x_wconf 87' lang='lat' dir='ltr'>nen</span> <span class='ocrx_word' id='word_1_667' title='bbox 726 4695 883 4752; x_wconf 81' lang='lat' dir='ltr'>indecenter</span> <span class='ocrx_word' id='word_1_668' title='bbox 898 4697 946 4750; x_wconf 81' lang='lat' dir='ltr'>ad·</span> <span class='ocrx_word' id='word_1_669' title='bbox 999 4702 1120 4775; x_wconf 75' lang='lat' dir='ltr'>ugnrnns</span> <span class='ocrx_word' id='word_1_670' title='bbox 1135 4712 1255 4774; x_wconf 71' lang='lat' dir='ltr'>asterga</span> <span class='ocrx_word' id='word_1_671' title='bbox 1272 4711 1425 4758; x_wconf 82' lang='lat' dir='ltr'>sanctornm</span> <span class='ocrx_word' id='word_1_672' title='bbox 1445 4708 1541 4757; x_wconf 78' lang='lat' dir='ltr'>earnm</span> <span class='ocrx_word' id='word_1_673' title='bbox 1552 4699 1579 4756; x_wconf 86' lang='lat' dir='ltr'>in</span> <span class='ocrx_word' id='word_1_674' title='bbox 1595 4701 1673 4755; x_wconf 77' lang='lat' dir='ltr'>tarrae</span> <span class='ocrx_word' id='word_1_675' title='bbox 1689 4697 1793 4754; x_wconf 71' lang='lat' dir='ltr'>bornuni</span> 
     </span>
     <span class='ocr_line' id='line_1_64' title="bbox 149 4785 1793 4862; baseline -0.001 -22"><span class='ocrx_word' id='word_1_676' title='bbox 149 4786 291 4842; x_wconf 76' lang='lat' dir='ltr'>vertimus.</span> <span class='ocrx_word' id='word_1_677' title='bbox 307 4786 339 4840; x_wconf 82' lang='lat' dir='ltr'>Et</span> <span class='ocrx_word' id='word_1_678' title='bbox 352 4795 380 4840; x_wconf 91' lang='lat' dir='ltr'>ut</span> <span class='ocrx_word' id='word_1_679' title='bbox 392 4785 499 4841; x_wconf 91' lang='lat' dir='ltr'>nobiles</span> <span class='ocrx_word' id='word_1_680' title='bbox 512 4787 678 4859; x_wconf 82' lang='lat' dir='ltr'>intelilgeres</span> <span class='ocrx_word' id='word_1_681' title='bbox 692 4801 724 4843; x_wconf 92' lang='lat' dir='ltr'>ac</span> <span class='ocrx_word' id='word_1_682' title='bbox 739 4797 872 4857; x_wconf 81' lang='lat' dir='ltr'>potentes,</span> <span class='ocrx_word' id='word_1_683' title='bbox 885 4789 948 4845; x_wconf 87' lang='lat' dir='ltr'>ride</span> <span class='ocrx_word' id='word_1_684' title='bbox 999 4793 1174 4859; x_wconf 67' lang='lat' dir='ltr'>constitutus,</span> <span class='ocrx_word' id='word_1_685' title='bbox 1190 4792 1232 4848; x_wconf 86' lang='lat' dir='ltr'>eni</span> <span class='ocrx_word' id='word_1_686' title='bbox 1257 4793 1348 4848; x_wconf 86' lang='lat' dir='ltr'>anima</span> <span class='ocrx_word' id='word_1_687' title='bbox 1368 4805 1520 4862; x_wconf 84' lang='lat' dir='ltr'>corpusque</span> <span class='ocrx_word' id='word_1_688' title='bbox 1544 4790 1661 4861; x_wconf 81' lang='lat' dir='ltr'>perlecta</span> <span class='ocrx_word' id='word_1_689' title='bbox 1679 4788 1793 4858; x_wconf 74' lang='lat' dir='ltr'>pruinae</span> 
     </span>
     <span class='ocr_line' id='line_1_65' title="bbox 149 4877 1794 4952; baseline 0.002 -22"><span class='ocrx_word' id='word_1_690' title='bbox 149 4877 216 4949; x_wconf 88' lang='lat' dir='ltr'>qnid</span> <span class='ocrx_word' id='word_1_691' title='bbox 229 4878 352 4947; x_wconf 87' lang='lat' dir='ltr'>seqnitur</span> <span class='ocrx_word' id='word_1_692' title='bbox 364 4896 371 4930; x_wconf 90' lang='lat'>:</span> <span class='ocrx_word' id='word_1_693' title='bbox 384 4887 408 4931; x_wconf 84' lang='lat' dir='ltr'>et</span> <span class='ocrx_word' id='word_1_694' title='bbox 420 4895 506 4932; x_wconf 81' lang='lat' dir='ltr'>annues</span> <span class='ocrx_word' id='word_1_695' title='bbox 524 4880 627 4950; x_wconf 79' lang='lat' dir='ltr'>judiees</span> <span class='ocrx_word' id='word_1_696' title='bbox 638 4888 720 4935; x_wconf 81' lang='lat' dir='ltr'>terra.</span> <span class='ocrx_word' id='word_1_697' title='bbox 734 4879 809 4947; x_wconf 78' lang='lat' dir='ltr'>Quod</span> <span class='ocrx_word' id='word_1_698' title='bbox 825 4881 946 4950; x_wconf 90' lang='lat' dir='ltr'>lrequeo·</span> <span class='ocrx_word' id='word_1_699' title='bbox 999 4883 1144 4939; x_wconf 73' lang='lat' dir='ltr'>censeotit.</span> <span class='ocrx_word' id='word_1_700' title='bbox 1166 4885 1250 4952; x_wconf 85' lang='lat' dir='ltr'>Quem</span> <span class='ocrx_word' id='word_1_701' title='bbox 1265 4883 1315 4938; x_wconf 88' lang='lat' dir='ltr'>etsi</span> <span class='ocrx_word' id='word_1_702' title='bbox 1341 4882 1384 4938; x_wconf 94' lang='lat' dir='ltr'>bie</span> <span class='ocrx_word' id='word_1_703' title='bbox 1399 4882 1480 4937; x_wconf 89' lang='lat' dir='ltr'>ruodo</span> <span class='ocrx_word' id='word_1_704' title='bbox 1506 4881 1627 4936; x_wconf 83' lang='lat' dir='ltr'>ridemur</span> <span class='ocrx_word' id='word_1_705' title='bbox 1642 4880 1733 4936; x_wconf 80' lang='lat' dir='ltr'>dicem</span> <span class='ocrx_word' id='word_1_706' title='bbox 1749 4898 1794 4935; x_wconf 78' lang='lat' dir='ltr'>cn·</span> 
     </span>
     <span class='ocr_line' id='line_1_66' title="bbox 150 4968 1792 5047; baseline -0.001 -23"><span class='ocrx_word' id='word_1_707' title='bbox 150 4977 193 5024; x_wconf 77' lang='lat' dir='ltr'>ter</span> <span class='ocrx_word' id='word_1_708' title='bbox 207 4968 315 5024; x_wconf 87' lang='lat' dir='ltr'>ereulre</span> <span class='ocrx_word' id='word_1_709' title='bbox 337 4969 522 5039; x_wconf 81' lang='lat' dir='ltr'>cognorimus,</span> <span class='ocrx_word' id='word_1_710' title='bbox 545 4977 576 5025; x_wconf 92' lang='lat' dir='ltr'>nt</span> <span class='ocrx_word' id='word_1_711' title='bbox 589 4970 679 5025; x_wconf 87' lang='lat' dir='ltr'>subito</span> <span class='ocrx_word' id='word_1_712' title='bbox 695 4972 786 5026; x_wconf 87' lang='lat' dir='ltr'>mundi</span> <span class='ocrx_word' id='word_1_713' title='bbox 811 4980 944 5041; x_wconf 83' lang='lat' dir='ltr'>potestate</span> <span class='ocrx_word' id='word_1_714' title='bbox 1002 4975 1073 5047; x_wconf 91' lang='lat' dir='ltr'>pide,</span> <span class='ocrx_word' id='word_1_715' title='bbox 1091 4986 1179 5029; x_wconf 69' lang='lat' dir='ltr'>tamen</span> <span class='ocrx_word' id='word_1_716' title='bbox 1193 4988 1245 5028; x_wconf 90' lang='lat' dir='ltr'>non</span> <span class='ocrx_word' id='word_1_717' title='bbox 1260 4987 1401 5043; x_wconf 76' lang='lat' dir='ltr'>pessumus</span> <span class='ocrx_word' id='word_1_718' title='bbox 1415 4971 1475 5028; x_wconf 84' lang='lat' dir='ltr'>siue</span> <span class='ocrx_word' id='word_1_719' title='bbox 1488 4968 1639 5027; x_wconf 87' lang='lat' dir='ltr'>delectione</span> <span class='ocrx_word' id='word_1_720' title='bbox 1655 4983 1792 5042; x_wconf 85' lang='lat' dir='ltr'>peragere.</span> 
     </span>
    </p>
   </div>
   <div class='ocr_carea' id='block_1_11' title="bbox 149 5057 951 5872">
    <p class='ocr_par' dir='ltr' id='par_1_11' title="bbox 149 5057 949 5682">
     <span class='ocr_line' id='line_1_67' title="bbox 149 5057 946 5130; baseline 0.006 -15"><span class='ocrx_word' id='word_1_721' title='bbox 149 5057 293 5126; x_wconf 85' lang='lat' dir='ltr'>derelicta,</span> <span class='ocrx_word' id='word_1_722' title='bbox 308 5057 414 5116; x_wconf 82' lang='lat' dir='ltr'>llominl</span> <span class='ocrx_word' id='word_1_723' title='bbox 439 5059 550 5130; x_wconf 87' lang='lat' dir='ltr'>diligant</span> <span class='ocrx_word' id='word_1_724' title='bbox 575 5059 667 5117; x_wconf 87' lang='lat' dir='ltr'>subire</span> <span class='ocrx_word' id='word_1_725' title='bbox 688 5062 810 5118; x_wconf 79' lang='lat' dir='ltr'>sert-itia.</span> <span class='ocrx_word' id='word_1_726' title='bbox 834 5061 946 5120; x_wconf 71' lang='lat' dir='ltr'>«luteres</span> 
     </span>
     <span class='ocr_line' id='line_1_68' title="bbox 150 5150 946 5221; baseline 0.008 -13"><span class='ocrx_word' id='word_1_727' title='bbox 150 5151 228 5215; x_wconf 76' lang='lat' dir='ltr'>dreit,</span> <span class='ocrx_word' id='word_1_728' title='bbox 251 5150 297 5221; x_wconf 89' lang='lat' dir='ltr'>qui</span> <span class='ocrx_word' id='word_1_729' title='bbox 322 5151 409 5206; x_wconf 80' lang='lat' dir='ltr'>utatis</span> <span class='ocrx_word' id='word_1_730' title='bbox 433 5151 524 5207; x_wconf 87' lang='lat' dir='ltr'>calore</span> <span class='ocrx_word' id='word_1_731' title='bbox 539 5151 685 5221; x_wconf 85' lang='lat' dir='ltr'>terrentes,</span> <span class='ocrx_word' id='word_1_732' title='bbox 700 5152 734 5208; x_wconf 85' lang='lat' dir='ltr'>ad</span> <span class='ocrx_word' id='word_1_733' title='bbox 751 5153 889 5211; x_wconf 77' lang='lat' dir='ltr'>modestiae</span> <span class='ocrx_word' id='word_1_734' title='bbox 915 5171 946 5214; x_wconf 91' lang='lat' dir='ltr'>se</span> 
     </span>
     <span class='ocr_line' id='line_1_69' title="bbox 152 5243 947 5314; baseline 0.006 -15"><span class='ocrx_word' id='word_1_735' title='bbox 152 5251 366 5314; x_wconf 83' lang='lat' dir='ltr'>temperamenta</span> <span class='ocrx_word' id='word_1_736' title='bbox 391 5252 560 5300; x_wconf 83' lang='lat' dir='ltr'>conuertunt.</span> <span class='ocrx_word' id='word_1_737' title='bbox 577 5243 696 5301; x_wconf 82' lang='lat' dir='ltr'>seniores</span> <span class='ocrx_word' id='word_1_738' title='bbox 721 5261 778 5299; x_wconf 88' lang='lat' dir='ltr'>enm</span> <span class='ocrx_word' id='word_1_739' title='bbox 803 5248 947 5314; x_wconf 77' lang='lat' dir='ltr'>iunioribus</span> 
     </span>
     <span class='ocr_line' id='line_1_70' title="bbox 153 5334 946 5408; baseline 0.011 -20"><span class='ocrx_word' id='word_1_740' title='bbox 153 5336 313 5404; x_wconf 85' lang='lat' dir='ltr'>permistam</span> <span class='ocrx_word' id='word_1_741' title='bbox 326 5334 458 5406; x_wconf 80' lang='lat' dir='ltr'>signillcat</span> <span class='ocrx_word' id='word_1_742' title='bbox 472 5344 577 5391; x_wconf 77' lang='lat' dir='ltr'>aetatem</span> <span class='ocrx_word' id='word_1_743' title='bbox 593 5355 599 5391; x_wconf 77' lang='grc' dir='ltr'>ι</span> <span class='ocrx_word' id='word_1_744' title='bbox 615 5337 675 5408; x_wconf 89' lang='lat' dir='ltr'>quia</span> <span class='ocrx_word' id='word_1_745' title='bbox 689 5336 724 5394; x_wconf 89' lang='lat' dir='ltr'>tle</span> <span class='ocrx_word' id='word_1_746' title='bbox 737 5342 810 5394; x_wconf 92' lang='lat' dir='ltr'>omnl</span> <span class='ocrx_word' id='word_1_747' title='bbox 823 5354 900 5407; x_wconf 82' lang='lat' dir='ltr'>serra,</span> <span class='ocrx_word' id='word_1_748' title='bbox 913 5341 946 5397; x_wconf 93' lang='lat' dir='ltr'>de</span> 
     </span>
     <span class='ocr_line' id='line_1_71' title="bbox 152 5428 947 5504; baseline 0.005 -20"><span class='ocrx_word' id='word_1_749' title='bbox 152 5429 226 5484; x_wconf 85' lang='lat' dir='ltr'>omui</span> <span class='ocrx_word' id='word_1_750' title='bbox 243 5437 323 5484; x_wconf 82' lang='lat' dir='ltr'>atate</span> <span class='ocrx_word' id='word_1_751' title='bbox 338 5439 434 5498; x_wconf 87' lang='lat' dir='ltr'>potens</span> <span class='ocrx_word' id='word_1_752' title='bbox 448 5437 489 5485; x_wconf 88' lang='lat' dir='ltr'>est</span> <span class='ocrx_word' id='word_1_753' title='bbox 503 5428 635 5484; x_wconf 80' lang='lat' dir='ltr'>basoinus</span> <span class='ocrx_word' id='word_1_754' title='bbox 649 5444 763 5486; x_wconf 78' lang='lat' dir='ltr'>evocare</span> <span class='ocrx_word' id='word_1_755' title='bbox 777 5447 844 5501; x_wconf 91' lang='lat' dir='ltr'>quos</span> <span class='ocrx_word' id='word_1_756' title='bbox 863 5435 947 5504; x_wconf 79' lang='lat' dir='ltr'>eligit.</span> 
     </span>
     <span class='ocr_line' id='line_1_72' title="bbox 153 5518 949 5594; baseline 0.011 -20"><span class='ocrx_word' id='word_1_757' title='bbox 153 5518 234 5583; x_wconf 79' lang='lat' dir='ltr'>llam,</span> <span class='ocrx_word' id='word_1_758' title='bbox 249 5528 279 5573; x_wconf 92' lang='lat' dir='ltr'>nt</span> <span class='ocrx_word' id='word_1_759' title='bbox 300 5520 357 5574; x_wconf 70' lang='lat' dir='ltr'>luae</span> <span class='ocrx_word' id='word_1_760' title='bbox 378 5521 468 5577; x_wconf 88' lang='lat' dir='ltr'>omnia</span> <span class='ocrx_word' id='word_1_761' title='bbox 493 5521 526 5576; x_wconf 88' lang='lat' dir='ltr'>ad</span> <span class='ocrx_word' id='word_1_762' title='bbox 543 5523 665 5578; x_wconf 86' lang='lat' dir='ltr'>lromines</span> <span class='ocrx_word' id='word_1_763' title='bbox 679 5525 813 5593; x_wconf 69' lang='lat' dir='ltr'>potuisses</span> <span class='ocrx_word' id='word_1_764' title='bbox 837 5527 949 5594; x_wconf 88' lang='lat' dir='ltr'>relerrc,</span> 
     </span>
     <span class='ocr_line' id='line_1_73' title="bbox 154 5609 445 5682; baseline 0.003 -17"><span class='ocrx_word' id='word_1_765' title='bbox 154 5609 216 5665; x_wconf 83' lang='lat' dir='ltr'>ride</span> <span class='ocrx_word' id='word_1_766' title='bbox 233 5610 296 5680; x_wconf 91' lang='lat' dir='ltr'>qnid</span> <span class='ocrx_word' id='word_1_767' title='bbox 314 5613 445 5682; x_wconf 88' lang='lat' dir='ltr'>sequitur.</span> 
     </span>
    </p>

    <p class='ocr_par' dir='ltr' id='par_1_12' title="bbox 156 5701 951 5872">
     <span class='ocr_line' id='line_1_74' title="bbox 192 5701 950 5780; baseline 0.012 -24"><span class='ocrx_word' id='word_1_768' title='bbox 192 5701 269 5758; x_wconf 81' lang='lat' dir='ltr'>Vera.</span> <span class='ocrx_word' id='word_1_769' title='bbox 284 5703 328 5759; x_wconf 78' lang='lat' dir='ltr'>te.</span> <span class='ocrx_word' id='word_1_770' title='bbox 343 5703 461 5760; x_wconf 80' lang='lat' dir='ltr'>Laudent</span> <span class='ocrx_word' id='word_1_771' title='bbox 483 5722 573 5761; x_wconf 83' lang='lat' dir='ltr'>nornen</span> <span class='ocrx_word' id='word_1_772' title='bbox 589 5705 694 5763; x_wconf 76' lang='lat' dir='ltr'>[lanuini</span> <span class='ocrx_word' id='word_1_773' title='bbox 707 5726 714 5762; x_wconf 90' lang='lat'><em>:</em></span> <span class='ocrx_word' id='word_1_774' title='bbox 728 5710 788 5780; x_wconf 83' lang='lat' dir='ltr'>quia</span> <span class='ocrx_word' id='word_1_775' title='bbox 809 5710 950 5765; x_wconf 74' lang='lat' dir='ltr'>exaltatum</span> 
     </span>
     <span class='ocr_line' id='line_1_75' title="bbox 156 5795 951 5872; baseline 0.01 -24"><span class='ocrx_word' id='word_1_776' title='bbox 156 5800 195 5848; x_wconf 86' lang='lat' dir='ltr'>est</span> <span class='ocrx_word' id='word_1_777' title='bbox 213 5808 305 5850; x_wconf 81' lang='lat' dir='ltr'>ttamen</span> <span class='ocrx_word' id='word_1_778' title='bbox 325 5797 381 5869; x_wconf 73' lang='lat' dir='ltr'>gius</span> <span class='ocrx_word' id='word_1_779' title='bbox 402 5795 481 5851; x_wconf 85' lang='lat' dir='ltr'>telius</span> <span class='ocrx_word' id='word_1_780' title='bbox 490 5813 500 5862; x_wconf 91' lang='lat'>,·</span> <span class='ocrx_word' id='word_1_781' title='bbox 514 5799 640 5869; x_wconf 73' lang='lat' dir='ltr'>eausetaie</span> <span class='ocrx_word' id='word_1_782' title='bbox 655 5802 712 5871; x_wconf 75' lang='lat' dir='ltr'>ejus</span> <span class='ocrx_word' id='word_1_783' title='bbox 726 5815 802 5872; x_wconf 80' lang='lat' dir='ltr'>super</span> <span class='ocrx_word' id='word_1_784' title='bbox 821 5801 951 5857; x_wconf 82' lang='lat' dir='ltr'>autumet</span> 
     </span>
    </p>
   </div>
   <div class='ocr_carea' id='block_1_12' title="bbox 1002 5063 1797 5782">
    <p class='ocr_par' dir='ltr' id='par_1_13' title="bbox 1002 5063 1797 5782">
     <span class='ocr_line' id='line_1_76' title="bbox 1003 5063 1795 5140; baseline -0.011 -15"><span class='ocrx_word' id='word_1_785' title='bbox 1003 5068 1118 5140; x_wconf 76' lang='lat' dir='ltr'>Auli-uit,</span> <span class='ocrx_word' id='word_1_786' title='bbox 1135 5067 1197 5137; x_wconf 76' lang='lat' dir='ltr'>filiis</span> <span class='ocrx_word' id='word_1_787' title='bbox 1210 5065 1305 5132; x_wconf 85' lang='lat' dir='ltr'>lsrael,</span> <span class='ocrx_word' id='word_1_788' title='bbox 1317 5066 1414 5137; x_wconf 87' lang='lat' dir='ltr'>papula</span> <span class='ocrx_word' id='word_1_789' title='bbox 1428 5065 1644 5138; x_wconf 80' lang='lat' dir='ltr'>appropinquanti</span> <span class='ocrx_word' id='word_1_790' title='bbox 1657 5065 1715 5119; x_wconf 83' lang='lat' dir='ltr'>sibi.</span> <span class='ocrx_word' id='word_1_791' title='bbox 1731 5063 1795 5130; x_wconf 84' lang='lat' dir='ltr'>Qni-</span> 
     </span>
     <span class='ocr_line' id='line_1_77' title="bbox 1003 5153 1795 5230; baseline -0.015 -13"><span class='ocrx_word' id='word_1_792' title='bbox 1003 5162 1053 5217; x_wconf 89' lang='lat' dir='ltr'>bus</span> <span class='ocrx_word' id='word_1_793' title='bbox 1063 5159 1163 5216; x_wconf 86' lang='lat' dir='ltr'>sanetis</span> <span class='ocrx_word' id='word_1_794' title='bbox 1178 5156 1294 5230; x_wconf 83' lang='lat' dir='ltr'>ltymuus</span> <span class='ocrx_word' id='word_1_795' title='bbox 1309 5157 1354 5213; x_wconf 90' lang='lat' dir='ltr'>ille</span> <span class='ocrx_word' id='word_1_796' title='bbox 1370 5164 1521 5227; x_wconf 81' lang='lat' dir='ltr'>praestetur,</span> <span class='ocrx_word' id='word_1_797' title='bbox 1533 5154 1659 5216; x_wconf 83' lang='lat' dir='ltr'>ostendit,</span> <span class='ocrx_word' id='word_1_798' title='bbox 1671 5155 1733 5224; x_wconf 74' lang='lat' dir='ltr'>⁴iliis</span> <span class='ocrx_word' id='word_1_799' title='bbox 1744 5153 1795 5206; x_wconf 83' lang='lat' dir='ltr'>nti-</span> 
     </span>
     <span class='ocr_line' id='line_1_78' title="bbox 1002 5244 1794 5324; baseline -0.013 -16"><span class='ocrx_word' id='word_1_800' title='bbox 1002 5266 1054 5324; x_wconf 92' lang='lat' dir='ltr'>que</span> <span class='ocrx_word' id='word_1_801' title='bbox 1066 5248 1160 5315; x_wconf 84' lang='lat' dir='ltr'>lsrael,</span> <span class='ocrx_word' id='word_1_802' title='bbox 1171 5249 1216 5320; x_wconf 93' lang='lat' dir='ltr'>qui</span> <span class='ocrx_word' id='word_1_803' title='bbox 1240 5263 1292 5304; x_wconf 90' lang='lat' dir='ltr'>nen</span> <span class='ocrx_word' id='word_1_804' title='bbox 1318 5247 1405 5303; x_wconf 90' lang='lat' dir='ltr'>solum</span> <span class='ocrx_word' id='word_1_805' title='bbox 1429 5260 1538 5319; x_wconf 85' lang='lat' dir='ltr'>genere.</span> <span class='ocrx_word' id='word_1_806' title='bbox 1558 5245 1605 5300; x_wconf 90' lang='lat' dir='ltr'>sed</span> <span class='ocrx_word' id='word_1_807' title='bbox 1627 5244 1679 5301; x_wconf 91' lang='lat' dir='ltr'>llde</span> <span class='ocrx_word' id='word_1_808' title='bbox 1696 5258 1794 5299; x_wconf 91' lang='lat' dir='ltr'>nomen</span> 
     </span>
     <span class='ocr_line' id='line_1_79' title="bbox 1002 5337 1795 5401; baseline -0.005 -2"><span class='ocrx_word' id='word_1_809' title='bbox 1002 5343 1073 5401; x_wconf 89' lang='lat' dir='ltr'>istud</span> <span class='ocrx_word' id='word_1_810' title='bbox 1095 5342 1193 5397; x_wconf 88' lang='lat' dir='ltr'>babere</span> <span class='ocrx_word' id='word_1_811' title='bbox 1216 5339 1477 5397; x_wconf 71' lang='lat' dir='ltr'>declamatoribus</span> <span class='ocrx_word' id='word_1_812' title='bbox 1498 5338 1571 5394; x_wconf 91' lang='lat' dir='ltr'>enim</span> <span class='ocrx_word' id='word_1_813' title='bbox 1586 5337 1718 5394; x_wconf 89' lang='lat' dir='ltr'>israelitas</span> <span class='ocrx_word' id='word_1_814' title='bbox 1732 5353 1795 5395; x_wconf 87' lang='lat' dir='ltr'>rere</span> 
     </span>
     <span class='ocr_line' id='line_1_80' title="bbox 1002 5425 1794 5503; baseline -0.008 -13"><span class='ocrx_word' id='word_1_815' title='bbox 1002 5433 1126 5498; x_wconf 86' lang='lat' dir='ltr'>dicimus,</span> <span class='ocrx_word' id='word_1_816' title='bbox 1138 5435 1182 5503; x_wconf 94' lang='lat' dir='ltr'>qui</span> <span class='ocrx_word' id='word_1_817' title='bbox 1194 5442 1267 5488; x_wconf 89' lang='lat' dir='ltr'>reete</span> <span class='ocrx_word' id='word_1_818' title='bbox 1279 5431 1426 5500; x_wconf 83' lang='lat' dir='ltr'>eredendo,</span> <span class='ocrx_word' id='word_1_819' title='bbox 1437 5427 1526 5488; x_wconf 90' lang='lat' dir='ltr'>cordis</span> <span class='ocrx_word' id='word_1_820' title='bbox 1538 5428 1638 5486; x_wconf 89' lang='lat' dir='ltr'>lumine</span> <span class='ocrx_word' id='word_1_821' title='bbox 1653 5425 1794 5485; x_wconf 79' lang='lat' dir='ltr'>[lominum</span> 
     </span>
     <span class='ocr_line' id='line_1_81' title="bbox 1003 5519 1794 5596; baseline -0.003 -18"><span class='ocrx_word' id='word_1_822' title='bbox 1003 5525 1138 5596; x_wconf 83' lang='lat' dir='ltr'>respicere</span> <span class='ocrx_word' id='word_1_823' title='bbox 1153 5531 1320 5579; x_wconf 89' lang='lat' dir='ltr'>meruerunt.</span> <span class='ocrx_word' id='word_1_824' title='bbox 1334 5521 1485 5580; x_wconf 66' lang='lat' dir='ltr'>saltrenen</span> <span class='ocrx_word' id='word_1_825' title='bbox 1503 5520 1641 5590; x_wconf 77' lang='lat' dir='ltr'>lsraettte,</span> <span class='ocrx_word' id='word_1_826' title='bbox 1656 5519 1701 5593; x_wconf 93' lang='lat' dir='ltr'>qni</span> <span class='ocrx_word' id='word_1_827' title='bbox 1717 5536 1794 5576; x_wconf 87' lang='lat' dir='ltr'>man·</span> 
     </span>
     <span class='ocr_line' id='line_1_82' title="bbox 1004 5615 1796 5688; baseline -0.004 -13"><span class='ocrx_word' id='word_1_828' title='bbox 1004 5618 1127 5675; x_wconf 87' lang='lat' dir='ltr'>datorum</span> <span class='ocrx_word' id='word_1_829' title='bbox 1150 5616 1304 5675; x_wconf 85' lang='lat' dir='ltr'>obedientis</span> <span class='ocrx_word' id='word_1_830' title='bbox 1325 5617 1434 5673; x_wconf 80' lang='lat' dir='ltr'>cbristo</span> <span class='ocrx_word' id='word_1_831' title='bbox 1448 5615 1561 5672; x_wconf 84' lang='lat' dir='ltr'>Domine</span> <span class='ocrx_word' id='word_1_832' title='bbox 1580 5616 1796 5688; x_wconf 88' lang='lat' dir='ltr'>appropinquare</span> 
     </span>
     <span class='ocr_line' id='line_1_83' title="bbox 1004 5707 1797 5782; baseline -0.005 -16"><span class='ocrx_word' id='word_1_833' title='bbox 1004 5719 1207 5776; x_wconf 86' lang='lat' dir='ltr'>monstraulttr;</span> <span class='ocrx_word' id='word_1_834' title='bbox 1224 5708 1262 5765; x_wconf 87' lang='lat' dir='ltr'>illi</span> <span class='ocrx_word' id='word_1_835' title='bbox 1277 5708 1349 5764; x_wconf 88' lang='lat' dir='ltr'>cuim</span> <span class='ocrx_word' id='word_1_836' title='bbox 1365 5712 1400 5763; x_wconf 85' lang='lat' dir='ltr'>ub</span> <span class='ocrx_word' id='word_1_837' title='bbox 1420 5707 1478 5782; x_wconf 85' lang='lat' dir='ltr'>ipso</span> <span class='ocrx_word' id='word_1_838' title='bbox 1493 5710 1571 5780; x_wconf 84' lang='lat' dir='ltr'>louge</span> <span class='ocrx_word' id='word_1_839' title='bbox 1594 5721 1656 5765; x_wconf 80' lang='lat' dir='ltr'>stant</span> <span class='ocrx_word' id='word_1_840' title='bbox 1672 5709 1716 5781; x_wconf 85' lang='lat' dir='ltr'>qni</span> <span class='ocrx_word' id='word_1_841' title='bbox 1738 5709 1797 5777; x_wconf 80' lang='lat' dir='ltr'>rjrts</span> 
     </span>
    </p>
   </div>
   <div class='ocr_carea' id='block_1_13' title="bbox 989 5797 1794 5875">
    <p class='ocr_par' dir='ltr' id='par_1_14' title="bbox 989 5797 1794 5875">
     <span class='ocr_line' id='line_1_84' title="bbox 989 5797 1794 5875; baseline -0.002 -23"><span class='ocrx_word' id='word_1_842' title='bbox 989 5815 992 5822; x_wconf 95' lang='lat'>·</span> <span class='ocrx_word' id='word_1_843' title='bbox 1001 5800 1076 5874; x_wconf 87' lang='lat' dir='ltr'>jussa</span> <span class='ocrx_word' id='word_1_844' title='bbox 1090 5815 1143 5857; x_wconf 87' lang='lat' dir='ltr'>noa</span> <span class='ocrx_word' id='word_1_845' title='bbox 1160 5801 1271 5860; x_wconf 88' lang='lat' dir='ltr'>laeiuut.</span> <span class='ocrx_word' id='word_1_846' title='bbox 1285 5798 1369 5858; x_wconf 79' lang='lat' dir='ltr'>Nemo</span> <span class='ocrx_word' id='word_1_847' title='bbox 1380 5812 1446 5875; x_wconf 85' lang='lat' dir='ltr'>crgo</span> <span class='ocrx_word' id='word_1_848' title='bbox 1458 5801 1495 5857; x_wconf 92' lang='lat' dir='ltr'>illi</span> <span class='ocrx_word' id='word_1_849' title='bbox 1512 5801 1662 5871; x_wconf 80' lang='lat' dir='ltr'>protimus,</span> <span class='ocrx_word' id='word_1_850' title='bbox 1684 5800 1732 5857; x_wconf 58' lang='lat' dir='ltr'>uisi</span> <span class='ocrx_word' id='word_1_851' title='bbox 1749 5797 1794 5865; x_wconf 86' lang='lat' dir='ltr'>qui</span> 
     </span>
    </p>
   </div>
   <div class='ocr_carea' id='block_1_14' title="bbox 0 0 1939 6128">
    <p class='ocr_par' dir='ltr' id='par_1_15' title="bbox 0 0 1939 6128">
     <span class='ocr_line' id='line_1_85' title="bbox 0 0 1939 6128; baseline 0 0"><span class='ocrx_word' id='word_1_852' title='bbox 0 0 1939 6128; x_wconf 95' lang='lat' dir='ltr'> </span> 
     </span>
    </p>
   </div>
  </div>
 </body>
</html>
