3794 6128
122 296 179 354 535
574 297 753 357 attusttto
773 296 806 352 ΙΝ
826 291 1055 352 rstttuhttttt.
1077 294 1172 351 esst.
1197 293 1315 351 xxxiii.
1709 298 1764 355 ibi

121 413 215 469 ciente
233 424 383 481 suspectus,
406 411 567 466 industriose
587 410 692 465 mutauit
707 409 820 476 cultam,
836 407 873 462 ita
888 414 917 461 ut
933 407 955 465 lt
969 405 1043 460 stica
1066 404 1156 459 salian
1179 412 1256 468 suat,
1278 418 1344 474 arras
1360 401 1429 458 tituli
1452 401 1601 462 similitudo
1620 407 1761 475 predixit:

122 503 218 559 satiris
235 517 284 559 ora
305 503 465 571 comploret,
482 513 613 573 qrratcnus
635 514 831 570 energumenus
844 499 917 554 msti·
972 493 1029 550 huc
1041 495 1120 550 rerba
1134 511 1194 565 quar
1208 497 1403 567 scripturarum
1422 494 1570 552 divinarum
1586 498 1711 557 virtutem
1724 499 1765 555 ul·

122 604 228 659 matus,
256 593 429 648 miseratione
456 592 569 649 iaciente
593 593 773 647 dimitteretur
798 591 917 655 illaesus,
972 584 1102 641 deluantur
1113 586 1273 655 exprimere.

122 699 184 754 qaae
199 693 305 746 tamen,
328 683 398 739 sicut
418 691 445 738 et
463 683 530 749 alia,
554 699 602 753 per
624 684 699 739 illum
721 682 807 738 virum
831 683 920 752 magui
1009 675 1124 732 Versu
1141 676 1224 733 herta.
1240 678 1266 733 in
1287 675 1398 731 Domina
1413 678 1558 733 laudabitur
1577 679 1664 734 aniaaa
1684 696 1765 746 meac

122 775 288 827 amaranti
301 773 430 842 qualitate
446 782 552 842 peracta
567 783 641 830 sunt.
656 772 834 844 Signilleahat
846 774 919 829 enim
971 766 1216 823 audiantmausuui
1236 777 1259 821 at
1275 768 1402 822 latentur.
1418 768 1602 825 Pulcherrima
1618 785 1672 828 uno
1686 786 1763 828 com-

121 865 234 928 patiens,
255 864 307 920 lma
322 875 363 921 esu
377 864 530 934 scriptum
549 866 665 931 flavinae,
680 867 707 921 in
721 866 820 931 pappa,
837 866 862 920 td
878 873 921 922 οη
972 864 1044 912 mate
1056 854 1164 912 dilectio
1180 855 1332 913 famulantis
1347 873 1473 928 expressa
1488 871 1544 927 cst;
1559 862 1699 918 nonenim
1719 863 1764 918 vel

122 954 151 1011 ἰη
165 954 327 1011 fortitudine
341 970 435 1025 magna
456 957 612 1013 defluum,
635 958 687 1014 Sed
710 968 819 1028 propter
838 958 921 1027 gigni.
972 946 999 1005 lu
1013 961 1043 1004 ὅθ
1056 949 1097 1004 Vel
1111 948 1136 1003 in
1150 949 1260 1014 divitilS,
1282 949 1331 1007 sed
1346 950 1375 1006 l'll
1389 950 1588 1011 Dominosttttm
1601 955 1712 1013 dirimam
1724 955 1765 1010 dl·

123 1043 249 1101 flabiles
272 1061 363 1101 rurum
378 1061 428 1116 pro
442 1047 533 1115 achis,
547 1048 581 1102 ad
595 1063 674 1119 quem
691 1048 795 1120 inperat
819 1048 920 1111 hauto,
972 1037 1008 1093 cit
1026 1054 1081 1092 ersa
1094 1038 1261 1094 laudandam.
1275 1040 1349 1096 Tunc
1366 1041 1440 1099 enim
1452 1041 1581 1112 gloriatur
1600 1045 1687 1100 fidelis
1705 1061 1766 1102 scr-

122 1146 258 1192 anenm
280 1153 377 1193 nomen
398 1148 440 1194 aa
454 1140 614 1204 sarmatam
629 1141 699 1211 qam
719 1140 819 1196 radten
839 1141 922 1210 parre
972 1143 1030 1193 vus,
1047 1128 1153 1199 qnando
1166 1130 1325 1187 laudabilem
1342 1132 1484 1190 huntam
1508 1134 1607 1192 labere
1625 1138 1766 1207 cognoser-

123 1232 178 1286 mei
198 1245 322 1299 regnnm.
333 1232 395 1286 {100
413 1231 447 1286 ad
462 1232 603 1287 Dominum
618 1232 753 1288 caninum
776 1205 843 1288 bine
858 1248 921 1302 W.
973 1227 1031 1285 tur;
1046 1221 1097 1274 scit
1115 1223 1185 1276 enirn
1206 1222 1238 1276 ad
1258 1237 1288 1278 sc
1307 1223 1401 1279 relorri
1424 1224 1538 1291 bonrum,
1559 1240 1620 1282 cnm
1634 1225 1765 1283 Dominus

124 1320 215 1376 ,inm
237 1319 410 1376 manatesram
433 1330 493 1386 esp.
516 1337 564 1391 per
584 1336 663 1392 quem
688 1322 922 1394 310,305„sp21,‚f
972 1308 1029 1378 eins
1051 1309 1129 1364 iuuerit
1152 1311 1295 1367 multarum
1318 1329 1366 1369 orc
1386 1314 1558 1382 praedicatus.
1581 1315 1646 1370 Nam
1665 1316 1765 1386 siquis

123 1411 269 1467 mitium
281 1410 373 1466 mundi
387 1413 556 1467 sanctissima
569 1412 712 1467 devotione
726 1412 853 1482 suscepit,
869 1411 921 1468 Sed
975 1401 1053 1458 hodie
1067 1402 1179 1460 Dom³ll⁰
1193 1403 1328 1479 detrahat,
1345 1406 1457 1462 dillonis
1480 1407 1592 1464 [ambillis
1607 1422 1659 1477 utto
1674 1408 1766 1465 [11ΓοΓο

125 1515 189 1556 mm
204 1501 288 1565 dicia,
303 1501 401 1555 dimisit
415 1517 486 1566 eom,
502 1517 592 1572 ragom
608 1502 739 1572 significan
755 1501 921 1558 Atlamplnch.
973 1492 1152 1558 succenditur,
1168 1509 1219 1564 qrra
1231 1495 1441 1552 stomachatione
1451 1498 1600 1555 cruciatur?
1614 1499 1710 1555 brutam
1722 1508 1767 1558 cst

128 1590 163 1645 bit
177 1591 257 1657 abiit,
274 1592 324 1646 irae
345 1599 387 1646 est
407 1593 440 1646 ad
464 1593 530 1646 alias
553 1603 643 1662 partes
664 1606 693 1647 se
713 1593 921 1664 corrtulitzquia
973 1585 1043 1638 culm
1068 1585 1189 1641 fidelibus
1212 1587 1297 1641 servis
1319 1596 1348 1642 nt
1372 1597 1419 1642 aut
1441 1589 1474 1645 de
1499 1589 1568 1644 larua
1598 1590 1768 1647 dominorum

125 1681 165 1739 lbi
186 1691 323 1751 coeperat,
346 1693 376 1737 ut
395 1682 521 1748 diximus,
541 1698 601 1739 esse
624 1693 776 1751 suspectus.
802 1683 923 1737 Praesens
974 1674 1086 1730 aduersa
1101 1674 1226 1741 seviant,
1248 1684 1294 1730 aut
1315 1675 1349 1730 dc
1365 1691 1490 1746 prospera
1505 1678 1630 1746 opinione
1648 1692 1766 1748 congau-

127 1781 219 1827 autem
236 1772 355 1841 psalmus
370 1772 463 1828 tertius
476 1781 517 1829 est
529 1787 621 1828 eorrrm
634 1774 660 1827 in
674 1773 771 1842 qrribus
786 1788 833 1842 per
848 1784 923 1829 actrrs
939 1766 1066 1830 Bdctnt·
1087 1767 1221 1837 Sequitur,
1242 1767 1350 1821 audiant
1372 1771 1497 1824 nraurueti
1517 1779 1541 1823 et
1565 1769 1694 1824 latentur.
1709 1770 1768 1829 Nou

128 1864 215 1922 hacid
246 1868 433 1937 sipn'hcantur
467 1866 546 1938 110
578 1866 683 1920 Domini
709 1864 808 1921 Christi
835 1864 923 1920 iutura

127 1961 275 2034 mysteria,
289 1960 415 2032 quamvis
428 1959 630 2030 alphabetorum
648 1959 783 2014 sccundus
798 1972 859 2015 esse
872 1974 923 2012 nn-

127 2059 230 2107 mitta.

313 2191 320 2202 ·
423 2163 518 2219 {lisicia
537 2163 640 2234 psalmi.

164 2274 219 2331 Per
233 2284 320 2331 totum
334 2275 466 2345 psalmum
480 2276 560 2331 rerba
577 2276 714 2347 prophatae
737 2285 814 2348 sunt,
830 2278 924 2348 alpha·

131 2365 184 2421 heti
209 2364 317 2421 liebraei
338 2365 462 2434 litteras,
487 2377 599 2437 excepta
623 2376 717 2435 serta,
743 2368 770 2423 in
793 2369 926 2440 captibus

131 2471 259 2513 rmsuum
280 2472 329 2526 per
346 2458 469 2512 ordinem
484 2458 616 2526 ponentis.
634 2457 662 2513 ln
682 2459 767 2528 prirra
782 2469 858 2530 parte
878 2461 925 2516 bc·

132 2541 260 2604 aedicere
270 2562 300 2604 sc
313 2548 456 2604 Dominum
471 2550 680 2622 compromittit,
693 2549 840 2608 admonens
854 2566 927 2606 man-

132 2649 226 2695 suetos
240 2648 270 2693 ut
283 2654 375 2695 secum
391 2639 418 2694 in
439 2639 497 2709 eius
511 2640 635 2697 laudibus
653 2650 839 2711 perseverent.
855 2641 927 2696 Prac-

134 2729 196 2784 dicti
210 2739 301 2785 autem
317 2729 450 2800 alphabeti
465 2729 522 2786 haec
535 2745 597 2800 pars
608 2730 840 2801 quatuar'litteras
853 2745 928 2786 com·

134 2817 289 2888 prehendit.
303 2818 428 2873 Secunda
441 2817 475 2874 ad
489 2819 692 2875 conversionem
714 2819 846 2888 ildclium,
868 2834 928 2891 erra

134 2912 190 2967 sint
202 2911 272 2966 bene
286 2913 443 2966 nrerFtorum
457 2914 566 2981 prumia
578 2928 630 2967 nun
643 2921 776 2978 tacentur,
791 2929 850 2983 quae
863 2929 928 2969 con·

135 2999 203 3055 tinet
217 3001 321 3055 litteras
334 3016 391 3055 ser.
411 3000 503 3057 Tertia
518 3001 593 3072 arraei
608 3004 676 3060 hlios
691 3004 848 3060 admonete
870 3005 928 3075 qrri·

137 3093 187 3148 hos
201 3108 232 3149 se
246 3092 351 3149 delictis
364 3093 479 3149 debeant
492 3096 643 3165 abstinere,
660 3095 718 3152 hac
731 3096 813 3154 habet
825 3096 928 3154 litteras

136 3194 262 3254 quatuor.
274 3186 373 3253 Quarta
387 3185 473 3256 justus
486 3186 550 3242 dicit
567 3187 599 3242 de.
612 3187 736 3244 omnihus
754 3187 930 3244 tribulationi·

139 3274 188 3330 bus
200 3276 348 3340 eruendos,
363 3286 390 3330 ct
412 3276 507 3346 impios
521 3276 624 3332 debitas
647 3293 741 3346 pmnas
755 3292 815 3334 csse
837 3293 932 3348 passu·

141 3383 193 3435 ros,
208 3384 246 3424 ne
261 3369 287 3422 in
303 3368 428 3437 periculis
449 3368 507 3423 suis
529 3368 616 3438 aliqum
631 3368 767 3424 dubietate
790 3369 932 3427 mollesce-

142 3472 211 3525 rem;
226 3460 272 3515 hic
285 3459 366 3514 otiam
382 3459 496 3514 residuae
511 3466 613 3530 septem
627 3460 723 3515 litterae
738 3470 931 3531 praenotantur.

144 3550 174 3604 ta
191 3562 341 3614 memento,
360 3549 429 3604 sicut
450 3550 475 3604 in
496 3549 626 3620 vigcimo
645 3560 740 3619 quarto
761 3552 865 3621 psalmo
878 3550 932 3620 jam

145 3643 239 3697 derum
253 3653 312 3708 est,
329 3641 400 3695 lrunc
409 3640 578 3711 alphabetum
593 3641 777 3710 imperfectum
790 3642 850 3698 illos
863 3641 934 3697 iudi·

146 3748 201 3790 crrc
211 3736 257 3803 qai
272 3733 366 3787 landes
381 3732 484 3788 ltomini
499 3741 635 3803 ncprreunt
649 3732 805 3803 plenissima
822 3748 933 3805 operum

147 3823 293 3895 mtegritatc
308 3829 429 3877 eantare.

420 3929 553 4002 Expositio
568 3936 672 4005 psalmi.

976 1857 1056 1923 dixit,
1078 1858 1136 1927 lege
1158 1857 1247 1919 docti,
1271 1874 1323 1913 non
1348 1858 1513 1927 ieiunantes,
1535 1874 1588 1914 non
1606 1859 1768 1930 psallenter,

975 1946 1022 2002 sed
1037 1947 1164 2003 mansueti
1177 1947 1306 2015 latentur,
1320 1947 1365 2018 qui
1377 1947 1507 2003 charitate
1521 1949 1654 2019 praecipua
1669 1949 1769 2011 nabere

976 2052 1065 2094 rerum
1077 2038 1196 2095 orrrnium
1210 2039 1412 2109 temperantiam
1426 2050 1636 2099 consueverunt.

1012 2130 1088 2185 vers.
1105 2129 1131 2185 3.
1147 2128 1244 2184 Grues.
1268 2129 1432 2202 blapaifica‘e
1453 2130 1594 2187 Dominum
1608 2150 1725 2202 raecum,
1744 2144 1770 2193 et

976 2221 1117 2289 mallemus
1136 2235 1226 2274 nornen
1241 2223 1298 2293 ejus
1311 2221 1339 2275 in
1358 2221 1473 2277 laricem.
1490 2222 1596 2280 Utilitas
1612 2224 1664 2281 ista
1677 2240 1774 2284 carna·

976 2312 1009 2368 lis
1023 2311 1194 2380 singulariter
1214 2310 1314 2380 perirui
1334 2311 1485 2379 desiderat,
1501 2315 1573 2384 quod
1593 2314 1772 2377 delecmioac

977 2402 1055 2458 avida
1072 2386 1249 2473 concupiscit.
1270 2402 1420 2474 Spiriuralis
1435 2417 1522 2463 autem
1538 2409 1623 2479 gratia
1638 2424 1692 2466 nou
1713 2412 1771 2470 vult

977 2493 1035 2551 sola
1049 2495 1136 2551 iacere
1147 2494 1218 2565 qaod
1232 2493 1324 2550 multis
1336 2495 1440 2565 prolicit
1454 2497 1625 2567 adsalutem,
1643 2516 1677 2556 ue
1699 2501 1770 2558 irttcr

978 2585 1066 2642 olllciu
1078 2586 1225 2642 sanctitatis
1238 2587 1402 2643 detestabilis
1415 2588 1514 2644 invidia
1527 2591 1682 2658 misceatur,
1698 2591 1769 2663 quod

978 2691 1050 2734 nunc
1063 2691 1155 2733 versus
1169 2676 1219 2733 istc
1240 2678 1375 2747 explanat.
1393 2678 1475 2735 Vocat
1492 2682 1562 2736 enirn
1585 2681 1691 2747 iratres,
1706 2685 1771 2737 hor-

978 2777 1052 2827 tatur
1065 2768 1176 2839 populos
1198 2767 1365 2835 obedientes,
1381 2778 1410 2823 ut
1424 2785 1520 2825 nomen
1537 2771 1640 2827 homini
1655 2775 1772 2843 gloriosa

979 2860 1108 2917 scelerare
1123 2857 1295 2928 awpraificaat.
1319 2856 1453 2928 Seqrumr,
1473 2867 1497 2912 et
1518 2861 1658 2916 exaltemus
1680 2878 1773 2918 acmen

979 2952 1036 3022 rjus
1056 2949 1083 3002 ia
1104 2947 1220 3002 iauicear.
1242 2945 1339 3002 Suavis
1358 2949 1542 3018 commonitio,
1561 2948 1708 3019 justissima
1728 2968 1774 3008 re·

980 3041 1056 3112 gula,
1073 3048 1101 3096 ut
1114 3040 1148 3096 ab
1163 3040 1285 3095 omnibus
1300 3039 1326 3094 in
1343 3055 1424 3094 unum
1440 3040 1501 3106 hat,
1514 3041 1585 3111 quod
1599 3051 1699 3099 sanctae
1714 3046 1773 3100 uui·

942 3138 965 3202 c
982 3132 1029 3187 tati
1041 3139 1146 3187 constat
1158 3129 1259 3186 alieni.
1273 3128 1307 3184 iu
1321 3130 1427 3186 inuicem
1442 3145 1506 3188 tero
1521 3132 1652 3202 signidcat
1665 3149 1774 3206 compu-

982 3226 1048 3281 sitos
1061 3225 1169 3289 chorus,
1182 3221 1288 3294 quando
1310 3231 1338 3278 et
1352 3222 1526 3291 psalmodiam
1544 3224 1650 3280 Domini
1671 3225 1775 3282 alterna

982 3315 1034 3372 sibi
1046 3315 1215 3371 successione
1226 3313 1399 3382 respondent.
1413 3314 1478 3382 Qun
1492 3314 1574 3386 tipum
1588 3316 1685 3371 dicitnr
1695 3330 1775 3372 coer-

982 3407 1039 3478 pia,
1062 3406 1088 3461 id
1111 3415 1154 3462 est
1174 3406 1339 3477 imaginatio,
1360 3422 1421 3476 qum
1442 3417 1529 3462 actum
1550 3409 1587 3464 rei
1612 3408 1778 3480 incorporeis

983 3497 1068 3554 occulis
1085 3497 1279 3552 srrhuinistrat.

1021 3587 1097 3645 Vere.
1113 3586 1140 3642 l.
1155 3586 1277 3643 Dauara.
1293 3585 1418 3656 inquisivi
1439 3587 1592 3653 harenam,
1607 3599 1631 3644 at
1645 3591 1777 3646 exaudibit

985 3697 1035 3747 rae,
1050 3691 1074 3735 ct
1087 3696 1119 3736 ea
1138 3680 1253 3734 omuibus
1266 3679 1473 3735 tribulationibus
1487 3681 1548 3735 urreis
1570 3682 1662 3752 eripuit
1677 3698 1728 3736 mc.
1745 3682 1780 3739 Ut

986 3770 1114 3827 lauturus
1128 3769 1241 3840 populus
1254 3770 1287 3826 ad
1307 3771 1481 3840 psalmodiam
1497 3772 1603 3827 Domini
1624 3772 1780 3837 lestiuaret,

988 3874 1060 3914 nunc
1072 3858 1137 3914 dicit
1153 3874 1213 3926 pute
1225 3860 1276 3916 sibi
1291 3860 1390 3916 caindo
1403 3861 1472 3917 bona
1488 3864 1670 3930 prouenerint.
1687 3862 1780 3934 iaqui-

988 3953 1045 4009 tiuit
1059 3951 1213 4018 hamana,
1230 3965 1282 4007 non
1295 3951 1381 4022 spatio
1396 3952 1476 4022 longo
1489 3960 1636 4017 terraram,
1656 3966 1709 4009 nou
1731 3969 1780 4022 pcr

179 4047 256 4102 bers.
272 4048 296 4102 l.
311 4047 412 4103 hasra.
426 4043 578 4100 benedicant
592 4044 732 4101 bominum
747 4047 774 4100 ia
788 4048 858 4103 anani
875 4056 938 4102 tem·
989 4044 1108 4100 locorum
1122 4041 1277 4098 tetradiam
1291 4040 1360 4098 lorte
1374 4042 1513 4112 distemus,
1528 4042 1615 4098 sedin
1629 4043 1719 4109 carde,
1735 4044 1783 4101 uhi

149 4154 214 4206 para,
228 4154 330 4205 seraper
344 4137 400 4191 laer
413 4136 468 4208 eina
482 4138 565 4189 inore
579 4151 644 4191 aaa.
660 4137 771 4209 leupus
785 4138 938 4196 hominibus
988 4135 1012 4191 si
1027 4135 1193 4203 maiestatem
1214 4134 1297 4204 ipsius
1316 4135 1473 4205 oscitamus,
1489 4136 1525 4193 ibi
1546 4149 1604 4191 eam
1620 4146 1780 4205 presentem

149 4232 268 4284 norimus
281 4243 344 4285 esse
358 4227 508 4290 diversum,
526 4227 605 4283 modo
626 4227 840 4285 tribulationibus
860 4244 939 4299 aspe·
989 4226 1077 4282 modis
1095 4227 1219 4282 omnihus
1239 4227 1400 4284 invenimus.
1424 4229 1457 4284 Et
1478 4227 1586 4285 intende
1605 4229 1667 4300 quid
1688 4230 1779 4289 dicat:

149 4337 217 4387 mm,
234 4321 317 4375 morlo
333 4319 431 4390 gaudio
445 4317 582 4373 blandum.
604 4318 675 4390 Ergo
692 4320 719 4374 ia
738 4321 807 4374 aarrai
826 4330 938 4388 ternpore
991 4316 1116 4386 laquiriui
1131 4315 1282 4382 Delminum,
1296 4328 1320 4371 ct
1337 4320 1467 4375 exaudivit
1481 4336 1520 4375 rrae
1532 4336 1542 4374 .·
1555 4322 1679 4389 caroniam
1700 4321 1780 4377 intel-

149 4413 343 4470 baaedicaradam
360 4411 496 4466 banduara
511 4410 638 4482 propheta
657 4411 811 4478 denuntiat,
832 4414 938 4484 quando
991 4410 1074 4466 lcctus
1089 4408 1146 4478 cius
1160 4408 1284 4465 universa
1308 4409 1503 4478 complectitur,
1526 4425 1575 4473 nec
1597 4410 1784 4479 corporalibus

151 4516 173 4560 ct
189 4508 304 4561 aduersa
320 4505 445 4573 patimur,
466 4511 494 4560 ct
508 4505 605 4571 pollata
626 4501 753 4559 felicitate
775 4501 980 4584 gaudemuspl)
992 4500 1125 4566 sensibus,
1145 4499 1193 4556 sed
1214 4499 1399 4566 spiritualibus
1416 4500 1560 4556 virtutihus
1582 4511 1718 4569 operatur.
1735 4501 1786 4559 Sc·

151 4596 212 4651 sicut
232 4596 300 4666 justi
326 4593 463 4661 lecerunt,
487 4606 566 4664 atque
590 4593 693 4649 iaciunt
716 4594 820 4649 Domini
845 4611 939 4652 amore

151 4685 301 4758 dapmntes.
315 4683 369 4740 Sed
381 4685 502 4756 quamvis
514 4684 631 4740 debitum
644 4693 724 4754 atque
742 4684 890 4754 prolicuum
904 4686 940 4742 sit

152 4786 176 4831 ιι
195 4788 323 4832 creatura
343 4788 421 4829 suum
445 4788 553 4844 semper
570 4773 661 4829 laudet
682 4783 834 4840 auctorem,
849 4785 938 4831 tamen

151 4877 255 4935 propter
269 4864 444 4920 humanitatis
455 4865 578 4920 diversos
591 4875 677 4932 actus,
693 4880 761 4933 pene
775 4866 939 4935 impassibile

152 4954 224 5009 nohis
237 4954 345 5008 ridetur
359 4952 513 5022 psalmodia
534 4953 625 5011 laudes
639 4954 754 5010 Domino
766 4956 865 5026 jurgitet
879 4973 939 5024 per-

151 5059 258 5110 sonarc3
272 5043 321 5100 sed
337 5045 364 5097 ia
379 5061 422 5098 are
439 5043 555 5100 hominis
565 5044 628 5115 justi
642 5062 739 5117 aanrprr
753 5049 810 5102 laus
824 5059 861 5103 eat
876 5048 937 5116 Dei,

150 5135 254 5203 amado
267 5135 331 5189 talia
345 5136 387 5189 tel
402 5136 500 5204 copitar
513 5138 553 5190 rel
569 5136 696 5206 loquitur,
712 5139 827 5193 utnulla
844 5140 936 5194 redar-

149 5225 256 5295 pruione
278 5223 409 5293 culpetur.
434 5223 565 5293 Quirlqnid
589 5227 660 5281 enim
683 5241 715 5282 ex
738 5227 883 5297 patientia,
905 5244 937 5283 cr

149 5315 292 5382 chanun,
307 5322 335 5370 et
348 5314 526 5383 simplicitate,
542 5315 700 5384 ceterisque
718 5317 875 5386 virtutibus,
896 5319 940 5375 vel

150 5402 295 5475 loquimar,
312 5401 351 5456 vel
365 5416 454 5458 metue
467 5410 613 5473 gestamus,
630 5403 693 5476 jure
706 5407 803 5463 diuinis
819 5407 941 5465 laudibus

148 5493 309 5562 applicatur.
331 5493 417 5559 ipsius
439 5493 510 5548 enim
530 5495 693 5563 praeconium
714 5508 754 5553 cst
775 5498 821 5568 qui
843 5497 939 5567 donat,

149 5600 196 5640 ore
217 5600 250 5641 ac
268 5584 352 5640 eorde
373 5587 483 5641 honesta
503 5587 634 5645 meditari.
651 5586 720 5644 baur
742 5591 813 5646 enim
833 5605 847 5645 a
866 5591 943 5647 lauro

149 5676 221 5734 dieta
242 5685 300 5736 est.
315 5691 375 5744 auu
389 5677 493 5732 solebat
513 5693 643 5738 coronare
661 5680 784 5738 victores.
803 5681 865 5740 lirrc
885 5698 943 5756 mp-

274 5768 412 5830 Parsoa.
433 5766 534 5830 LXX.
623 5780 630 5795 ⁸

994 4593 1083 4662 unitur
1097 4599 1222 4660 quantum
1237 4590 1320 4646 Deum
1336 4591 1465 4660 allusisse
1477 4578 1587 4659 protuli,
1603 4591 1709 4660 errando
1722 4607 1785 4648 cum

995 4696 1028 4737 cr
1042 4680 1168 4735 omnibus
1181 4680 1305 4735 liberavit
1324 4681 1464 4749 angustiis.
1480 4680 1544 4748 Quis
1564 4680 1635 4735 euim
1650 4679 1787 4736 sulllccret

995 4771 1172 4843 particulatim
1192 4777 1382 4840 cartapetam,
1401 4781 1500 4842 quanta
1518 4773 1568 4827 iste
1588 4773 1667 4826 simul
1687 4772 1786 4827 meruit

992 4863 1152 4934 impetraret
1165 4860 1281 4917 Dicenda
1294 4864 1380 4929 enim,
1395 4879 1426 4918 aa
1441 4863 1567 4930 auraibaa,
1584 4862 1650 4917 nihil
1664 4862 1785 4918 relictum

992 4961 1050 5017 est,
1063 4954 1133 5023 quod
1148 4953 1310 5010 remansisse
1320 4954 1466 5022 suspiceris
1476 4955 1628 5009 adversum.

1031 5043 1104 5100 vers.
1121 5045 1147 5099 5.
1166 5042 1214 5098 lis.
1232 5044 1348 5098 Arcadiae
1363 5047 1397 5097 ad
1412 5061 1482 5107 earm,
1498 5056 1521 5100 et
1541 5045 1743 5110 illuminamini,
1763 5055 1788 5099 rt

993 5135 1078 5190 truitae
1092 5135 1166 5190 rastri
1188 5151 1237 5189 aron
1260 5135 1415 5191 crubescant.
1432 5136 1507 5190 Prius
1527 5134 1619 5192 laudes
1639 5136 1786 5206 praemisit,

993 5230 1090 5283 choros
1103 5225 1250 5292 ordinarit;
1268 5241 1337 5281 nunc
1350 5225 1506 5282 inseranda
1522 5236 1598 5297 parte
1612 5237 1639 5283 ot
1653 5227 1687 5282 ad
1702 5228 1787 5297 ipsam

994 5318 1261 5375 communicationem
1292 5318 1404 5388 populos
1438 5317 1559 5373 hortatur
1585 5317 1732 5382 accedere,
1759 5326 1789 5372 ut

997 5410 1123 5465 Ecclesia
1136 5408 1232 5495 lutura
1247 5409 1326 5465 ritum
1339 5409 1455 5465 monitor
1466 5409 1612 5478 spiritualis
1623 5407 1787 5466 inlunderct.

995 5500 1174 5555 deceditanon
1193 5500 1289 5554 dicitur
1303 5498 1426 5568 ebriosis,
1443 5514 1496 5554 non
1516 5500 1656 5566 adulteris,
1674 5515 1726 5557 non
1741 5517 1788 5557 su·

995 5591 1094 5662 perbis,
1111 5588 1159 5644 scd
1179 5590 1288 5658 sobriis,
1303 5591 1384 5646 castis
1397 5599 1478 5659 atuue
1492 5589 1637 5649 humilibus
1656 5589 1788 5650 Christia-

994 5684 1047 5750 nis,
1061 5681 1107 5754 qni
1123 5681 1264 5738 illuminari
1277 5682 1313 5741 de
1331 5695 1405 5738 sacra
1425 5685 1598 5757 perceptione
1617 5696 1786 5756 mereantur,
