3794 6128
525 263 790 326 cuttrttltmn'tss
811 269 842 324 ΙΝ
859 269 971 328 acuis
990 272 1255 333 attcs'totditdtt.

322 486 416 597 Μ.
456 488 839 604 aunem
877 491 1418 614 (tassionem

667 677 1170 792 COMPLEXIONES

220 853 437 937 auruun
475 855 851 937 teosrououun
889 859 955 938 nr
992 862 1329 944 troctnvrsts
1364 864 1594 949 tuturus

805 1094 1024 1158 PROLOGUS.

125 1223 222 1287 Lucas,
246 1234 314 1274 unus
328 1218 567 1290 evangelistarum,
592 1212 635 1284 qni
662 1214 809 1267 doczrinant
832 1212 885 1268 llo-
899 1222 923 1275 A
938 1213 1044 1270 Domini
1059 1216 1159 1273 Christi
1188 1220 1358 1281 dividendam
1373 1241 1432 1283 esse
1447 1231 1618 1299 curarimns;
1640 1234 1684 1291 nbi
1702 1245 1732 1292 et

89 1312 155 1367 trtini
170 1309 274 1367 coeiesti
292 1311 407 1366 ueritate
419 1307 591 1377 conscripsit,
605 1310 689 1360 tlctus
703 1320 908 1377 quoqueapou
939 1309 1047 1380 triginta
1074 1311 1225 1381 significant
1248 1318 1375 1374 emiorum
1403 1321 1509 1377 culmen
1532 1326 1678 1393 excelsum,
1704 1337 1733 1385 et

91 1403 222 1460 stolorum
245 1401 316 1456 lrdeli
332 1404 486 1458 narratione
510 1398 666 1468 completus
688 1405 740 1465 est,
761 1405 789 1451 ut
811 1408 887 1468 gesta
938 1409 1039 1454 sauctae
1050 1399 1188 1458 Trinitatis
1199 1406 1346 1464 associatur
1360 1411 1495 1467 adoranda
1511 1413 1651 1483 perfectio.
1675 1417 1732 1473 utt-

88 1501 230 1554 beatorum
251 1500 393 1568 preceptis
411 1498 555 1555 [lominicis
576 1496 704 1554 concordi
723 1497 806 1568 gratia
823 1512 888 1551 onn-
941 1493 1007 1570 ltciie
1020 1511 1087 1564 opus
1100 1498 1214 1555 obscure
1225 1500 1295 1557 dicta
1317 1501 1425 1560 bravius
1441 1506 1510 1562 veile
1525 1509 1707 1580 perstringere
1722 1529 1731 1578 ;

88 1598 229 1647 sonarent.
243 1589 301 1646 iloe
318 1598 392 1645 nos¹¹
409 1591 436 1645 in
451 1589 617 1660 septuaginta
638 1589 743 1644 duobus
757 1588 889 1659 capitibus
940 1598 1001 1638 cum
1014 1587 1067 1641 sint
1081 1588 1160 1643 iatius
1181 1590 1305 1658 diceudo,
1328 1611 1388 1664 true
1410 1598 1534 1654 volumus
1559 1604 1704 1671 explanare
1723 1622 1730 1658 :

20 1683 22 1686 ’
85 1681 234 1750 complexi,
251 1682 364 1752 singulis
390 1682 540 1753 quibusque
564 1682 631 1737 locis
645 1680 678 1734 ad
693 1679 885 1736 breviationem
941 1675 987 1729 setl
1003 1679 1128 1745 quoniam
1143 1679 1214 1736 huuc
1227 1683 1324 1740 librum
1339 1686 1733 1757 lycaoniusttonauamtsutt-

89 1789 165 1830 suam
179 1773 341 1831 credidimus
357 1774 597 1836 adnotandum;ut
612 1772 885 1828 reternsacertlctua
940 1768 1021 1823 titiam
1044 1781 1070 1824 et
1094 1772 1234 1842 diiigenter
1258 1781 1395 1849 exposuit,
1424 1783 1585 1852 providente
1609 1785 1737 1859 ileo,qui

90 1865 283 1935 apostolorum,
298 1867 369 1920 sicut
391 1867 448 1935 ipse
470 1866 555 1920 Lucas
574 1865 738 1935 evangelista
762 1873 883 1928 testatur,
938 1858 1016 1915 saluti
1029 1873 1128 1918 nostrae
1142 1865 1292 1923 antidotum
1308 1873 1414 1933 coniicit
1428 1887 1463 1930 ex
1477 1877 1609 1944 venenis;
1626 1889 1737 1950 propter

90 1955 375 2027 eodemnumeroquo
396 1957 475 2011 electi
497 1963 560 2010 sunt
583 1956 765 2011 clauderetur.
794 1954 886 2009 Docuit
939 1948 1077 2008 breuitatis
1098 1957 1241 2024 propositae
1265 1963 1453 2020 necessitatem
1477 1967 1558 2038 ntiqui
1583 1969 1646 2024 nori
1669 1984 1735 2040 per·

90 2046 162 2101 enirn
177 2046 253 2101 illurn
267 2046 389 2101 ordinem
402 2047 578 2116 quantitatem
595 2044 780 2100 buberelibrae
794 2043 820 2112 i,
832 2057 884 2114 qua
939 2044 1009 2099 versi
1025 2045 1159 2116 dogmatis
1187 2064 1284 2106 sensus
1312 2055 1490 2120 praetereunti
1517 2069 1675 2128 noscuntur,
1704 2068 1736 2116 ιιι

91 2134 229 2192 dedicatus
242 2135 349 2191 celesti
365 2137 493 2204 probatur
506 2135 694 2205 esseinstitire.
715 2133 762 2189 ilis
777 2133 886 2189 actibus
937 2135 1064 2191 lectorem
1079 2147 1200 2194 nostrum
1215 2154 1268 2196 non
1281 2150 1334 2198 tam
1350 2145 1449 2202 satiare
1461 2163 1543 2217 quam
1558 2149 1730 2209 introducere

91 2227 272 2300 tpoaatypstn
313 2227 384 2283 beati
412 2226 523 2282 ioannis
554 2226 667 2282 forsitan
695 2225 887 2281 convenienter
937 2225 1091 2295 videamur,
1108 2230 1215 2298 qnando
1232 2233 1292 2288 sine
1307 2234 1405 2290 damno
1428 2238 1611 2311 intelligentiae
1632 2259 1687 2300 sue
1708 2243 1736 2301 in

27 2378 30 2379 ⁷
91 2316 274 2387 adjunximus,
290 2316 350 2387 quia
375 2317 486 2373 coeleste
510 2333 622 2388 regnum
653 2315 769 2372 mirabili
795 2330 887 2371 narra·
938 2318 984 2372 illo
998 2321 1097 2388 reperit
1110 2321 1181 2391 quod
1200 2325 1366 2382 orthodoxus
1387 2339 1414 2383 et
1443 2328 1557 2402 diligens
1584 2334 1669 2391 lector
1692 2337 1734 2393 itt-

93 2409 164 2461 tione
179 2405 317 2470 describit,
331 2408 456 2477 quoniam
468 2406 566 2462 talibus
578 2407 642 2462 viria
666 2406 796 2461 habitatio
815 2415 886 2461 tanta
939 2412 1034 2482 quirit.

91 2496 272 2567 prestantem.
297 2496 371 2552 iiane
395 2498 502 2570 triginta
518 2497 603 2554 tribus
625 2496 782 2568 ιιιιίιίιιιιιο
802 2497 889 2554 artatis

128 2681 142 2713 ⁸
162 2673 274 2731 Partitio
286 2690 422 2733 sacrorum
434 2677 579 2743 librorum,
591 2690 651 2746 quae
661 2673 784 2745 primitus
795 2675 837 2729 vei
848 2672 882 2728 ab
896 2678 921 2738 Β
933 2673 1091 2744 designandi
1107 2687 1157 2753 per·
1168 2689 1276 2731 astream
1288 2677 1398 2740 libram;
1410 2694 1490 2745 quam
1502 2694 1533 2735 ea
1545 2683 1650 2738 ratione
1664 2699 1736 2752 prae·

87 2744 321 2815 monasticarum
335 2751 478 2804 lectionum
490 2750 517 2803 in
529 2747 741 2802 Christianorum
755 2745 880 2808 caetibus,
940 2745 1044 2799 linierat
1054 2743 1359 2809 Valentinianusseuior.
1375 2749 1449 2802 attat
1464 2751 1537 2807 aurei
1547 2751 1626 2808 antidi
1638 2753 1735 2810 libram

92 2816 137 2873 vei
151 2815 186 2872 ad
199 2817 273 2873 locos
289 2818 392 2873 laertius
407 2817 561 2888 allegandas
579 2827 605 2872 et
625 2815 819 2884 reperiendos,
842 2815 886 2870 vel
938 2813 1093 2880 eillcerent,
1105 2829 1166 2870 cum
1179 2816 1230 2870 sub
1243 2817 1418 2872 Constantino
1432 2819 1527 2889 ilaguo
1539 2836 1572 2876 et
1585 2821 1620 2876 st
1631 2825 1733 2881 conati·

93 2887 128 2943 ab
147 2888 346 2957 expositorem
360 2889 605 2959 interpretibusque
619 2885 768 2942 introducta
784 2900 836 2951 est,
848 2884 888 2939 in·
939 2893 1068 2940 tueretur.
1084 2882 1151 2940 ttua
1164 2885 1358 2943 Gotltolredunt
1373 2887 1406 2942 ad
1421 2887 1470 2944 lib.
1484 2906 1517 2945 ιιι
1534 2891 1600 2947 cod.
1613 2893 1735 2960 stood..

87 2967 167 3013 certa
190 2957 254 3012 oiim
269 2957 334 3026 luit,
351 2970 378 3015 et
401 2974 436 3015 ea
459 2959 575 3029 cuiusuis
589 2956 702 3012 arbitrio
716 2957 886 3012 concinnata.
938 2958 981 3010 tit.
995 2955 1045 3018 al,
1061 2954 1106 3009 lib.
1122 2971 1140 3010 t.
1163 2956 1288 3025 Legimus
1303 2958 1328 3010 iu
1344 2958 1412 3013 actis
1426 2960 1532 3017 concilii
1548 2961 1707 3018 Sinueasanl
1724 2978 1733 3020 t

91 3027 291 3085 denotavimus
301 3045 380 3098 quam
393 3029 497 3084 diversa
509 3029 544 3083 ab
556 3027 761 3099 llierouymiaua
770 3026 887 3095 eapituut
939 3025 976 3079 itt
986 3041 1074 3080 omnes
1084 3026 1157 3080 electi
1166 3036 1225 3080 tant
1237 3028 1285 3081 oiri
1300 3028 1365 3083 liira
1377 3028 1500 3096 aeddan,
1511 3032 1556 3101 qai
1565 3033 1737 3089 testinnonium

92 3099 265 3157 distinctione
281 3100 325 3154 illa
340 3100 437 3155 divisio
451 3099 502 3162 sit,
518 3114 570 3166 qua
584 3099 610 3153 iu
625 3097 809 3167 apostolorum
825 3096 889 3166 Epi·
938 3096 1086 3167 perbibent,
1099 3103 1182 3151 testes
1192 3108 1282 3152 autern
1293 3098 1328 3151 72
1339 3099 1449 3154 adnotat
1462 3101 1554 3156 Bittius
1565 3105 1711 3173 signiticari
1726 3121 1735 3159 ι

93 3169 171 3225 stolis
185 3179 279 3225 auctor
294 3182 387 3225 noster
409 3185 473 3224 usus
493 3179 551 3230 est;
568 3169 671 3223 nunteri
693 3167 826 3238 siquidem
841 3181 888 3222 se·
940 3167 1050 3221 nentina
1064 3167 1174 3232 quidem
1189 3183 1249 3237 quan
1263 3183 1294 3223 ea
1310 3169 1391 3223 verba
1406 3172 1582 3236 antecedunt,
1598 3173 1633 3229 ts
1647 3184 1711 3228 suut
1726 3192 1734 3230 a

89 3240 209 3294 ctiouetn
224 3239 374 3311 designant.
394 3245 522 3295 Actorum
539 3239 655 3304 librum,
670 3252 749 3307 quem
766 3238 889 3308 vulgatus
939 3234 1009 3291 inira
1021 3246 1108 3291 umen
1120 3237 1154 3290 ts
1165 3248 1349 3294 memorantur
1359 3248 1452 3294 testes.
1468 3241 1508 3296 lia
1521 3241 1601 3312 bajus
1613 3244 1734 3299 occidue

73 3311 228 3382 ,interpres
250 3309 278 3364 in
300 3310 345 3375 ιιι,
362 3311 406 3365 alii
431 3325 497 3365 vero
520 3312 546 3363 in
561 3311 597 3364 ili
616 3311 749 3378 capiterio,
766 3320 796 3362 ut
818 3305 888 3378 apud
940 3306 1015 3362 librae
1038 3307 1177 3362 mentione
1192 3311 1271 3380 longe
1294 3320 1355 3378 post
1370 3309 1516 3366 darrettmt
1539 3328 1614 3383 papae
1628 3322 1736 3370 atatem

90 3379 290 3436 OEcumeuium
302 3389 421 3451 apparet,
438 3381 531 3450 partiti
544 3389 621 3445 aunt,
637 3389 711 3435 secat
726 3379 823 3448 ipsein
838 3378 888 3444 12,
939 3387 1000 3433 acta
1016 3377 1059 3434 illa
1075 3382 1214 3448 supposita
1230 3381 1331 3445 iuvisse,
1346 3394 1421 3451 argui
1442 3390 1540 3450 potest.

96 3459 125 3504 ut
139 3451 311 3518 sospitatoris
322 3455 407 3506 nostri
419 3449 560 3522 dicipulis,
576 3449 672 3521 quibus
685 3449 808 3504 omnibu·
822 3462 889 3517 apu-
978 3458 989 3487 0
1010 3448 1206 3517 apocatypstt,
1219 3464 1297 3514 «raam
1310 3449 1336 3504 in
1349 3451 1383 3503 ia
1392 3451 1509 3519 capitula
1521 3452 1665 3508 discretam
1677 3467 1737 3509 cer·

12 3529 20 3536 ’
95 3524 226 3575 steterunt
247 3533 344 3576 nomen
362 3522 467 3576 videtur
482 3521 718 3590 largiri,numere
737 3528 887 3586 aequentur,
940 3517 1739 3592 nimmtncummemmttsnomertsretttapraeseteren·

88 3600 175 3657 atque
189 3600 217 3644 att
231 3605 303 3645 sacer
322 3593 400 3646 dctna
415 3592 592 3661 apostolorum
611 3590 699 3643 eodem
714 3605 820 3642 tannero
839 3604 889 3657 quo
941 3590 1027 3655 tibus,
1044 3604 1160 3657 quamue
1176 3588 1224 3643 tint
1243 3602 1287 3645 ata
1302 3591 1392 3647 vcraio
1408 3594 1433 3647 in
1448 3592 1484 3645 22
1498 3594 1653 3664 distinguit,
1667 3593 1736 3650 Cas·

89 3661 169 3714 electi
182 3670 242 3715 rant
261 3662 432 3716 clauderetur.
451 3661 544 3716 latius
563 3661 627 3715 oiim
643 3658 761 3729 patuisse
775 3659 888 3727 apostoli
941 3660 1076 3713 siotlorius
1102 3661 1127 3713 iu
1151 3661 1198 3723 53,
1222 3606 1355 3729 gupttcem
1379 3661 1413 3716 de
1437 3677 1512 3718 more
1533 3665 1606 3720 velut
1628 3679 1737 3720 cuasam

94 3745 209 3793 nornen.
236 3745 252 3787 e
277 3742 382 3788 vetusto
408 3731 489 3788 etlam
515 3729 672 3786 Florentinii
699 3729 889 3798 martyrologio
940 3728 1104 3781 adumbrans
1120 3745 1127 3780 ε
1142 3743 1303 3798 quocunque
1318 3732 1389 3784 enirn
1410 3734 1473 3786 dato
1493 3749 1619 3799 nurnero,
1635 3744 1738 3805 myste-

88 3801 232 3857 discitnus.
245 3800 462 3858 dtCassiodorio
472 3801 550 3856 valde
560 3799 697 3855 arridebat
708 3799 730 3853 is
743 3813 888 3853 uumerus:
942 3799 1011 3851 rium
1026 3798 1115 3851 statim
1133 3799 1234 3851 invenit
1250 3808 1296 3853 aut
1316 3807 1401 3855 crettt.
1413 3808 1457 3856 ,tte
1472 3804 1625 3869 septenario
1640 3803 1737 3873 praela·

94 3871 154 3925 btv.
172 3873 245 3927 Lect.
258 3886 318 3943 cap.
332 3888 394 3937 ant,
411 3887 471 3928 cunt
487 3873 521 3927 de
536 3872 685 3940 Augustino
697 3883 788 3924 sermo
800 3878 887 3934 esset,
942 3870 1041 3922 tionem
1058 3867 1118 3921 vide
1140 3867 1199 3921 iibri
1216 3869 1250 3922 de
1264 3870 1373 3923 Artibus
1389 3886 1397 3923 s
1416 3881 1469 3923 turn
1487 3871 1554 3926 inira
1576 3876 1601 3924 in
1623 3874 1735 3942 tlpttcal.

93 3942 140 4009 qui
157 3942 306 4013 Scripturas
319 3943 417 3997 dininas
430 3943 461 3998 'll
479 3943 600 3997 libroruin
614 3942 711 3994 calculo
725 3938 890 4006 conlprelten-
941 3953 1014 3992 nutu.
1030 3939 1059 4003 d,
1075 3948 1167 4008 septem
1183 3950 1324 4006 ponuntur,
1338 3941 1372 3991 ad
1385 3943 1565 4011 perfectionem
1583 3942 1677 3996 scilicet
1696 3944 1738 3997 iu·

95 4013 150 4076 dit,‘
172 4012 273 4083 pcrgit.
297 4014 389 4083 quibua
411 4030 469 4068 cana
488 4023 583 4067 sancta
605 4011 735 4065 Trinitatis
756 4009 890 4063 addideris
942 4009 1089 4063 dirundam.
1113 4011 1278 4077 Scnpturnm
1303 4021 1421 4064 sanctam
1445 4011 1479 4064 ts
1503 4011 1579 4066 libris
1601 4012 1735 4081 partiens,

94 4086 234 4147 multatam,
249 4083 277 4151 pit
292 4086 367 4139 totiaa
394 4084 454 4139 titrt
473 4093 616 4152 computent
634 4091 658 4136 et
677 4081 790 4152 ploriaaa
807 4053 926 4150 perte·c
943 4079 1013 4134 butte
1024 4094 1164 4133 munerum
1176 4081 1292 4133 atlirmat
1302 4080 1406 4135 dnobus
1417 4081 1551 4136 miraculis
1562 4084 1736 4138 consecrari:

95 4153 156 4205 ctio.
170 4154 228 4220 Quo
243 4153 302 4208 luco
315 4153 440 4209 mendum
457 4163 498 4209 est
518 4154 635 4208 nortdum
656 4151 888 4214 animadversum
943 4163 1039 4218 atetrtpe
1050 4165 1180 4202 annorum
1194 4152 1342 4216 sinaitam,
1358 4152 1461 4219 quantia
1477 4153 1670 4220 promissionem
1684 4152 1738 4206 Do-

96 4223 147 4292 legi
160 4225 232 4278 enim
245 4223 326 4279 debet
339 4227 417 4278 totins
432 4225 520 4288 libra,
541 4233 568 4277 ιιι
587 4221 688 4291 patebit
705 4236 740 4274 ex
756 4225 889 4289 sequenti·
942 4222 1004 4273 ntini
1017 4224 1091 4274 intua
1105 4220 1221 4288 accepim
1236 4231 1263 4275 et
1277 4223 1437 4286 amitttat-utu,
1450 4238 1507 4287 quoe
1519 4238 1577 4276 cunt
1591 4223 1739 4292 patriarcba

96 4294 145 4346 bus
158 4311 164 4348 :
179 4309 238 4348 eam
250 4309 361 4358 vocem.
376 4311 435 4349 cutn
450 4295 576 4348 librarius
589 4309 641 4348 non
655 4291 814 4361 intelligeret
827 4290 891 4360 quid
942 4289 1022 4344 iacet
1034 4292 1096 4358 pnes
1113 4289 1253 4360 AEqyptios
1267 4292 1434 4345 intrauerunt.
1453 4295 1510 4348 ltin.
1527 4292 1600 4346 Loci.
1615 4307 1674 4359 cap.
1693 4296 1736 4348 li.

47 4421 54 4433 ¹
85 4362 140 4417 laic
153 4365 204 4418 sibi
221 4365 318 4428 vellet,
335 4366 475 4431 subduxit,
494 4363 706 4433 teponeustibri.
943 4359 1165 4430 Ortltograpltiaut
1189 4361 1329 4416 duodecim
1354 4363 1428 4416 libris
1450 4363 1597 4426 conclusit,
1618 4366 1680 4433 quia
1705 4363 1738 4418 ib
1791 4420 1798 4433 ‚

133 4432 146 4470 b
168 4430 235 4488 ilasi
259 4435 292 4488 ad
316 4436 385 4490 bunc
407 4439 511 4499 iocum,
527 4449 578 4489 ms.
600 4435 693 4488 codiee
714 4447 765 4486 tta.
790 4441 891 4487 tanturn
945 4433 1069 4486 ltorarum
1086 4434 1188 4499 spatia,
1206 4431 1239 4484 la
1254 4447 1377 4496 irienses,
1394 4432 1429 4485 li
1442 4433 1562 4488 coelestin
1577 4434 1665 4503 sigua.
1680 4433 1736 4489 Cur

92 4503 251 4569 exhibente,
267 4504 362 4559 deletis
376 4521 390 4561 a
405 4515 547 4568 vetustate,
561 4507 717 4573 abrasisque
731 4504 827 4557 litteris
838 4518 891 4557 ιω·
944 4517 1008 4556 vcro
1028 4500 1144 4555 aitirtnct
1166 4498 1217 4557 ltoc
1239 4503 1308 4565 loco,
1329 4503 1435 4572 triginta
1455 4503 1602 4575 significare
1616 4520 1739 4560 cetorum

97 4577 172 4629 teris.
194 4573 245 4630 Ubi
267 4588 310 4631 tue
326 4577 461 4645 paulisper
474 4576 569 4645 collegi
582 4616 590 4640 ,
604 4575 726 4644 supplevi
742 4573 829 4639 libna,
844 4588 891 4644 ag·
943 4573 1043 4625 culmen
1058 4572 1200 4637 excelsam,
1223 4588 1396 4628 numerorum
1413 4574 1526 4630 virtutes
1539 4585 1620 4645 atque
1638 4589 1739 4630 art-aua

96 4659 213 4700 attscetts
228 4659 259 4700 ea
283 4660 394 4701 nurnero
414 4646 506 4701 librant
529 4647 683 4710 memorari,
699 4659 758 4713 quac
779 4644 890 4697 occidua
945 4651 1143 4713 perscrutantes
1164 4643 1318 4698 dscutiant.

98 4714 169 4769 dicta
183 4724 239 4781 est,
251 4717 308 4771 sive
318 4719 379 4786 quia
394 4717 544 4781 imminuta,
558 4717 616 4771 sive
628 4715 689 4783 quia
704 4715 732 4768 in
745 4713 890 4768 Occidente
981 4710 993 4748 ‘¹
1008 4712 1036 4766 in
1055 4728 1085 4768 ea
1101 4713 1267 4781 expositione
1282 4714 1448 4785 Tycitunium
1471 4713 1593 4784 quadam
1617 4728 1670 4767 non
1697 4728 1740 4770 re·

96 4783 206 4840 usitata.
224 4790 341 4855 apparet
354 4800 419 4857 ergo
441 4788 549 4858 longam
567 4789 593 4840 ia
614 4801 700 4841 aevum
715 4785 889 4840 consuetudi·
943 4784 1062 4852 spuenda
1077 4783 1236 4851 tradidisse,
1249 4785 1370 4854 quaednm
1384 4800 1449 4840 vero
1460 4784 1589 4838 vettertosi
1603 4783 1739 4852 dogmatis

96 4869 159 4912 nean
172 4855 342 4926 perdurasse,
354 4873 493 4914 numerum
503 4857 730 4928 septuagesimum
740 4855 889 4910 secundum
943 4868 985 4908 sut
1000 4854 1141 4908 iaculante
1155 4857 1346 4924 permiscuisse
1359 4855 1438 4910 docet
1456 4853 1515 4909 btv.
1544 4852 1619 4910 Leet.
1634 4868 1695 4922 cap.
1710 4857 1739 4910 9.

100 5000 1739 5030 Μ...-

295 5119 763 5206 COMPLEXIONES
800 5119 1057 5206 ACTUUM
1094 5117 1562 5208 APOSTOLORUM.

136 5278 162 5332 l.
173 5305 209 5319 -
219 5293 239 5345 ι,
256 5279 282 5334 l.
300 5278 417 5335 Primam
429 5282 531 5352 qnidam
542 5298 683 5338 ammonem
696 5282 747 5353 {eci
758 5283 790 5337 de
804 5283 890 5337 omni·
905 5285 931 5347 D
944 5278 1074 5352 perfectio
1087 5276 1247 5335 cerdmiatis
1263 5275 1424 5334 testimoniis
1436 5283 1598 5346 appareret:
1620 5277 1737 5347 primata

98 5368 155 5435 bara,
170 5385 185 5424 e
201 5368 351 5439 Titeopltile,
366 5387 423 5440 que
435 5374 511 5445 caepit
524 5373 601 5429 Jeattr
616 5377 702 5444 iacere
713 5385 737 5428 et
752 5375 851 5440 docere,
867 5383 896 5430 et
947 5353 1117 5442 diceas,'ad
1139 5367 1247 5428 Patrem
1276 5383 1451 5426 ascensurum
1474 5367 1567 5424 lasum
1599 5366 1738 5426 Claritluttt

98 5467 208 5514 catera.
247 5461 384 5534 Evangelii
406 5477 532 5522 sermone
555 5464 708 5536 completo,
732 5478 811 5535 quem
836 5472 896 5534 post
947 5464 1109 5536 praecepisse
1121 5462 1259 5534 discipulis
1272 5462 1327 5519 suis
1342 5476 1375 5518 ne
1389 5461 1424 5516 ab
1436 5461 1516 5518 liiero
1532 5463 1630 5533 alyattis
1647 5463 1736 5521 disee·

98 5554 325 5612 resurrectionem
342 5556 447 5612 [lumini
463 5557 550 5614 Lucas
576 5557 672 5614 iecisse
689 5565 894 5624 commemorat,
947 5557 1053 5623 darent,
1070 5565 1099 5613 ut
1112 5557 1234 5628 quamvis
1249 5565 1341 5613 essem
1356 5556 1493 5626 baptizati,
1519 5557 1637 5627 Spiritus
1651 5555 1739 5615 sancti

100 5646 300 5718 letusquoque
315 5648 637 5718 apostolorumscribens
655 5648 687 5705 ad
704 5646 893 5718 Theopnttun.
947 5649 1112 5723 plenitudiue
1127 5649 1337 5717 complerentur.

99 5738 282 5811 secoilegisse
298 5748 425 5809 testatum
443 5751 470 5798 ut
484 5741 545 5800 lldei
564 5741 725 5800 Christianae
745 5742 892 5801 indubitata
981 5743 1087 5810 2.-t,
1111 5739 1140 5797 6.
1164 5739 1250 5815 lpitnr
1273 5743 1318 5813 qni
1341 5749 1520 5810 conuenerant,
1546 5741 1740 5814 interrogarent

928 5841 957 5855 υ·
