3802 6120
196 310 249 369 839
284 368 287 375 .

797 301 833 357 ll.
854 301 991 359 abnecti
1011 301 1210 360 passionom

195 428 301 482 iliarum
324 424 441 483 crudelis
460 421 604 479 obstinatio
619 420 661 492 pia
677 419 875 492 perseuerantia
900 419 989 474 vitree·
1005 419 1196 482 Aintelleerurn
1216 419 1363 489 interebat.
1381 435 1459 488 quem
1476 419 1650 475 irumanitatis
1662 422 1769 477 ratione
1783 434 1847 477 reor

194 533 307 662 teilludes.
321 608 365 661 tt.
386 605 486 660 Beuum
508 606 570 660 milti
582 605 651 674 qued
667 603 809 658 ltnrniiiesti
822 620 872 671 rne,
889 613 917 657 ιιι
935 602 989 656 dir·

194 717 275 754 cerem
295 701 494 772 p'rtsiifiruticnrt
518 709 585 753 inat.
602 698 703 752 Butram
729 697 835 752 dicebat
850 695 901 750 sib't
916 694 988 765 qood

196 792 282 862 pinariis
298 793 472 848 sarientibus
489 791 665 858 subdebatur,
690 806 743 845 troo
758 791 898 860 praeseutia
914 786 986 858 eogi-

194 892 264 952 tans,
288 884 334 938 sod
352 885 439 938 lutura
462 883 628 936 desiderans.
645 882 770 950 lioeperat
791 879 863 934 enirn
887 877 921 932 dc
941 877 986 931 illa

191 975 335 1030 dulcedine
357 986 473 1045 gustare,
498 989 558 1044 quae
575 987 669 1027 ornnes
684 971 832 1026 suavitates
858 968 986 1038 probatur

192 1069 334 1123 incedere.
351 1067 491 1121 llumilitas
506 1066 577 1120 enim
592 1064 642 1119 ista
660 1062 808 1118 ierusalem
829 1061 911 1132 tangit
926 1061 984 1130 glo·

192 1174 263 1215 rausa
279 1160 397 1228 lastigia3
424 1174 486 1214 narn
500 1157 569 1213 sieut
584 1155 709 1226 snperbia
733 1155 831 1223 rrrergit
853 1152 886 1207 ad
902 1160 986 1206 arta-

192 1268 264 1319 rum,
279 1253 313 1307 ita
330 1253 380 1308 ista
399 1253 466 1306 tollit
480 1250 513 1304 ad
528 1251 636 1305 coelum.
653 1248 704 1302 lsta
724 1248 822 1317 quippe
836 1244 984 1298 humiliatio

191 1345 272 1416 (quale
288 1345 409 1415 praelium
424 1343 520 1397 lrabeat
532 1349 732 1410 consequenter
743 1337 903 1407 exponitur;
919 1335 985 1390 dicit

190 1435 273 1502 errirn,
289 1447 316 1490 nt
331 1436 453 1490 discerem
466 1431 664 1504 justificationes
678 1439 746 1494 tarr,
762 1428 854 1496 idest,
870 1438 898 1480 ut
913 1426 985 1482 iace·

191 1543 249 1582 rem
271 1542 332 1598 quae
355 1526 480 1581 docuisti.
507 1524 582 1577 Touo
606 1522 679 1576 enirn
712 1519 830 1590 perlecto
860 1517 981 1586 discitur,

189 1618 297 1689 quando
314 1628 446 1687 praeopta
458 1615 562 1670 buaraini
579 1613 650 1668 lidel.
666 1615 773 1668 actione
787 1622 980 1668 ruorrstrautur.

227 1712 302 1768 l’ers.
319 1713 363 1769 72.
386 1710 486 1765 Boreum
499 1710 561 1764 utilri
576 1711 617 1763 lex
632 1709 684 1762 oris
695 1708 731 1761 tui
742 1723 818 1775 snper
829 1707 911 1759 nriliin
922 1707 981 1759 ottri

1043 517 1149 576 poterat
1165 509 1300 575 irrrenire;
1322 509 1397 564 illurn
1423 511 1526 567 scilicet
1540 526 1648 581 purum,
1667 511 1844 581 rontouqda-

1040 599 1132 667 bilcm,
1155 599 1293 665 devotum,
1312 618 1392 672 quem
1416 611 1480 659 aute
1501 613 1640 672 peecatum
1660 604 1749 660 adbuc
1770 605 1840 661 nea

1040 692 1196 762 bacon-upra
1210 693 1367 763 simplicitas
1383 695 1548 765 possidebat,
1565 712 1619 754 uon
1638 699 1718 752 istum
1733 698 1769 755 de
1782 713 1840 770 qno

1039 786 1091 840 sibi
1117 785 1240 842 lroutincs
1255 787 1380 842 ridentur
1401 802 1461 843 esse
1475 787 1623 859 sapientes,
1645 799 1673 844 et
1691 790 1840 860 pecoribus

1039 878 1174 949 exaliqua
1191 891 1266 948 panc
1288 881 1562 950 praesumeremus
1582 897 1647 951 ergo
1662 884 1837 951 intellectuat,

1039 980 1068 1025 ut
1083 970 1491 1044 ilomiuirrrandnteeognosca13
1503 983 1636 1045 quatenus
1654 989 1733 1045 quem
1746 975 1840 1030 ddanr

1039 1079 1085 1133 per
1099 1065 1307 1120 inobedientiam
1322 1065 1487 1136 perdiderat,
1500 1066 1598 1122 cubors
1614 1076 1708 1123 saneta
1722 1081 1772 1138 per
1782 1066 1839 1123 de-

1037 1157 1153 1214 uotionis
1165 1158 1293 1229 obsequia
1306 1173 1466 1215 mereretur.

1074 1249 1150 1306 Vers.
1166 1252 1212 1306 it.
1229 1252 1280 1317 Qui
1293 1253 1380 1308 tierent
1392 1262 1415 1308 te
1428 1253 1546 1308 videderit
1558 1270 1609 1321 ure,
1624 1266 1648 1309 et
1662 1254 1837 1325 letabuntur,

1036 1344 1097 1413 quie
1112 1345 1139 1399 in
1157 1346 1232 1399 umbe
1247 1356 1290 1401 tao
1305 1348 1492 1419 supersperavi.
1515 1347 1699 1405 Pulcherrima
1715 1353 1761 1421 pio
1781 1353 1838 1408 Do·

1035 1436 1111 1490 mino
1122 1450 1203 1492 causa
1217 1437 1400 1494 miserationis
1413 1439 1504 1494 oblata
1518 1450 1578 1506 est;
1594 1442 1721 1510 quoniam
1736 1442 1761 1498 si
1774 1445 1837 1498 cui·

1035 1525 1100 1581 libet
1114 1527 1148 1583 de
1161 1538 1252 1584 sancta
1269 1531 1477 1600 congregatione
1492 1532 1657 1600 praestiterit,
1672 1545 1836 1591 curactormrr

1033 1618 1140 1674 animos
1167 1635 1263 1689 magua
1287 1621 1423 1677 hilaritate
1451 1623 1606 1692 complebit.
1622 1624 1736 1681 'Sciebat
1759 1626 1836 1683 euim

1034 1708 1204 1765 clementiam
1225 1713 1285 1781 ejus
1300 1713 1371 1768 uelle
1394 1714 1493 1780 lacere,
1518 1715 1590 1785 quod
1605 1715 1726 1774 lid-lium
1749 1720 1836 1779 corda

188 1816 212 1861 rt
226 1806 332 1876 arpenni.
348 1804 459 1871 Quoties
471 1805 498 1858 iu
514 1803 564 1858 irae
578 1803 666 1858 intera
681 1801 826 1856 bonitatem
846 1809 979 1855 memorat
995 1802 1019 1863 B
1033 1800 1188 1868 roborarct;
1212 1814 1240 1859 et
1262 1805 1328 1874 petit
1344 1806 1409 1861 talia
1432 1807 1458 1861 in
1474 1823 1504 1863 se
1524 1808 1595 1875 lieri,
1615 1808 1686 1866 unde
1709 1816 1834 1868 onmium

188 1898 287 1954 cohors
308 1898 353 1953 illa
368 1909 534 1963 satieturnm,
546 1887 626 1969 quatu
641 1895 704 1951 ideo
716 1895 872 1966 frequenter
891 1892 980 1964 petiit,

187 1992 313 2062 quoniam
337 1993 421 2061 satagis
435 2006 466 2047 ac
482 1993 568 2062 magis
578 1991 717 2046 crescebat
736 1990 761 2044 ei
777 1988 891 2045 dulcedo
904 1988 981 2043 boui·

187 2088 261 2143 tatis.
272 2086 477 2143 Consideremus
486 2094 575 2140 autem
587 2085 642 2139 riui
651 2085 729 2139 istius
741 2082 815 2139 verbi
825 2081 897 2154 quod
906 2081 979 2148 dicit,

186 2178 240 2234 orie
262 2180 310 2245 tni,
336 2193 390 2232 uon
409 2185 464 2232 tam
491 2177 693 2247 prophetarum,
710 2190 763 2230 nou
784 2175 980 2243 apostolorum,

189 2270 238 2327 sed
252 2280 385 2341 praecepta
400 2269 554 2339 erarrgeiica
567 2269 619 2323 sibi
630 2277 746 2323 testatur
768 2280 827 2321 esse
845 2264 982 2336 pretiosis·

188 2365 267 2429 sima,
279 2378 338 2434 quoe
356 2361 455 2417 Christi
465 2360 570 2416 lloutini
585 2370 649 2416 sunt
659 2373 707 2414 ore
718 2356 832 2427 prolata.
843 2355 981 2426 Sequitur,

186 2453 353 2526 morspec
369 2451 452 2507 miliia
473 2451 530 2505 artri
548 2458 571 2505 et
585 2449 695 2521 arpenti.
708 2448 805 2503 rlttrttm
815 2457 981 2518 etorpentum

189 2543 380 2616 cupiditatibus
395 2543 532 2599 hominnm
544 2543 649 2598 ridetur
663 2556 725 2598 esse
739 2541 914 2610 praecipuum.
926 2538 980 2595 Sed

186 2635 247 2706 quia
258 2634 364 2690 bouitas
379 2634 423 2689 illa
437 2632 665 2704 comparationem
679 2631 794 2686 similem
806 2645 860 2685 uon
875 2637 980 2697 poterat

187 2727 330 2795 invenire,
356 2724 496 2796 praemisit,
520 2741 596 2795 saper
620 2723 725 2790 millia,
750 2721 821 2792 qnod
848 2721 980 2775 inlinitum

190 2827 272 2887 atque
297 2813 568 2885 incomprehensibile
594 2823 656 2878 est;
682 2821 711 2868 ut
739 2811 797 2866 auri
823 2811 981 2881 argentique

187 2908 354 2983 comparatio
366 2908 411 2962 tali
422 2906 573 2978 adjectione
590 2905 746 2970 illest-erem
762 2902 891 2974 quidquid
906 2903 979 2959 caira

189 3001 303 3071 dixeris,
319 3018 396 3072 saper
408 3014 515 3071 semper
535 2999 651 3056 excedit.
675 2997 756 3053 Facta
771 3007 812 3053 est
826 3011 890 3066 ergo
905 3010 979 3051 cour·

189 3094 293 3164 paratio
301 3093 403 3162 absque
413 3092 601 3159 similitudine,
610 3092 724 3162 pretium
735 3090 792 3145 siue
803 3089 894 3155 niodo,
906 3105 981 3144 amor

1034 1891 1142 1948 devotio
1156 1898 1241 1965 possit
1254 1897 1357 1967 augeri.
1373 1898 1494 1953 l'idcudo
1509 1900 1580 1955 enirn
1594 1901 1705 1956 alterins
1720 1906 1834 1972 praemia

1035 1984 1138 2052 prolicit
1152 1987 1431 2055 sauctaeouseieutia,
1447 1989 1511 2044 dum
1528 1990 1560 2045 ad
1574 1991 1751 2048 imitationem
1771 1995 1833 2049 lau·

1035 2075 1164 2130 duilium
1192 2092 1281 2133 rerum
1310 2080 1448 2150 proposita
1473 2096 1580 2152 semper
1603 2087 1727 2155 exenrpla
1750 2092 1834 2158 pruli-

1033 2165 1119 2222 cinnt.
1143 2168 1253 2224 eddidit
1274 2171 1355 2225 etiam
1382 2180 1492 2242 propter
1510 2175 1572 2243 quid
1600 2176 1713 2230 orrruiuo
1733 2177 1834 2235 debeat

1033 2258 1265 2330 impetraremus
1279 2262 1306 2314 iu
1319 2262 1402 2328 uerbo,
1415 2263 1441 2318 id
1455 2265 1536 2320 estin
1550 2263 1657 2321 Christo
1672 2266 1791 2323 uantur
1802 2285 1834 2325 se

1033 2365 1137 2419 sperare
1158 2351 1374 2420 prelitcturtubi
1400 2368 1536 2424 unrrquam
1556 2355 1655 2425 decipit
1676 2373 1755 2431 spes,
1781 2375 1833 2414 uec

1033 2451 1120 2510 potest
1140 2441 1245 2496 animus
1259 2444 1334 2512 quasi
1350 2443 1459 2498 caducis
1470 2445 1613 2500 desideriis
1630 2446 1716 2513 eludi,
1740 2447 1789 2517 qui
1806 2449 1833 2504 in

1033 2540 1107 2589 tanta
1123 2533 1236 2590 scritate
1247 2542 1367 2591 rueretur
1382 2536 1468 2607 iudgi.

1069 2623 1146 2681 Vers.
1169 2626 1213 2682 75.
1237 2623 1360 2698 Ceprtoei,
1386 2626 1506 2696 Dnrrrinc,
1530 2630 1590 2699 quia
1605 2633 1713 2699 aequitas
1726 2634 1842 2704 jndicio,

1033 2724 1088 2785 tun,
1110 2727 1135 2772 et
1153 2718 1180 2771 in
1200 2719 1304 2772 ueritate
1330 2727 1375 2772 tan
1399 2720 1541 2774 lrunrilinrti
1561 2738 1609 2776 nte.
1636 2721 1704 2778 Cum
1727 2725 1831 2794 legatur

1032 2808 1106 2874 alibi,
1117 2809 1218 2878 jndicio
1238 2817 1282 2862 tna
1299 2809 1406 2880 obgssnr
1421 2813 1501 2865 emita
1519 2811 1602 2883 (Psoi.
1621 2830 1706 2879 artu,
1723 2816 1753 2886 7)
1773 2833 1782 2872 a
1800 2818 1831 2873 El

1032 2901 1144 2968 iterem,
1165 2902 1268 2973 jedicia
1298 2900 1347 2957 Dei
1370 2903 1559 2974 irrrcstigaiilin
1583 2905 1671 2977 (llern.
1701 2923 1741 2975 rt,
1767 2909 1829 2980 53).

1032 2994 1206 3062 quaerendum
1229 3003 1271 3050 est
1293 3009 1341 3050 cur
1357 2998 1400 3050 bic
1414 2997 1512 3052 dixerit
1529 3014 1537 3052 ι
1553 2997 1676 3071 Cognoui,
1707 3001 1829 3071 bomine,

1033 3084 1094 3154 qnia
1105 3087 1211 3155 aequitas
1221 3086 1323 3158 judicio
1339 3098 1393 3141 tarn.
1414 3087 1467 3144 Sed
1483 3090 1589 3158 qttuties
1602 3092 1767 3149 immensum
1787 3107 1830 3151 at·

186 3186 247 3241 siue
264 3186 327 3241 line.
345 3185 388 3241 Sic
403 3186 475 3240 eninr
498 3184 607 3239 dilectio
632 3192 703 3238 tanta
715 3182 826 3238 iudicari
845 3181 918 3254 [mss.
934 3183 977 3241 A..
991 3172 1015 3232 C
1031 3192 1083 3247 que
1104 3178 1377 3249 inconprehensibile
1391 3179 1499 3252 legitur,
1518 3182 1584 3238 iilud
1607 3196 1738 3241 aeternum
1751 3187 1830 3258 judi·

185 3273 230 3340 ll..
245 3272 294 3343 F„
309 3272 439 3347 indagari]
463 3276 572 3343 mertui,
600 3283 630 3330 nt
645 3271 718 3329 nulla
732 3287 777 3328 res
800 3273 824 3328 ei
848 3274 978 3341 potuisset

184 3366 300 3434 aequari.

221 3456 297 3514 llcrs.
318 3459 362 3513 ta.
377 3474 440 3512 -x
467 3457 545 3514 loru.
566 3457 661 3511 narrar
685 3466 735 3512 tuce
754 3460 870 3527 [ecerrnn
893 3473 933 3512 nra
954 3468 978 3512 et

184 3552 373 3622 plasmaverunt
388 3567 446 3605 ure:
461 3555 495 3605 do
506 3550 568 3605 milri
581 3549 739 3608 intellectam
754 3560 780 3604 ut
791 3550 887 3604 discam
902 3567 977 3604 mnu·

184 3646 246 3697 deta
258 3652 313 3697 tan.
328 3643 369 3697 Au
390 3643 522 3697 desimam
536 3641 652 3696 litteram
675 3641 774 3697 cobors
786 3641 901 3712 gloriosa
919 3658 978 3712 pro·

183 3732 314 3806 groditur,
330 3733 358 3788 in
376 3750 427 3804 qua
444 3734 510 3804 petit
522 3735 685 3789 intellectum
706 3734 894 3788 ntandatorum
909 3731 984 3790 sibi·'

183 3832 239 3880 ruet
257 3823 359 3880 debere
376 3823 504 3892 ,eurrcedi,
527 3833 555 3879 ιιι
580 3824 760 3880 veracissinne
783 3825 845 3880 uitta
864 3841 977 3882 munere

183 3917 355 3987 periroatur;
378 3925 508 3986 erpeteus
536 3925 565 3971 ot
589 3916 695 3971 Domini
719 3915 904 3971 misericordia
929 3917 977 3972 dat

183 4007 366 4079 irmuarulata,
381 4023 416 4062 ue
430 4006 514 4077 possit
539 4005 566 4060 in
588 4005 811 4075 illajudicationc
835 4005 975 4062 conlundi.

183 4097 212 4153 Si
233 4098 347 4154 velimus
368 4097 497 4167 igiturde
518 4096 568 4151 boc
583 4111 664 4152 uersu
678 4096 873 4167 disputationes
899 4098 977 4154 colli·

181 4206 253 4259 gere,
270 4190 436 4260 singulorum
461 4189 590 4244 librorum
606 4191 691 4259 mags
710 4189 817 4246 edimus
839 4189 974 4260 quantita·

182 4290 247 4346 tcru,
260 4296 339 4350 quarn
351 4280 450 4350 aliquid
465 4281 597 4349 promissa
611 4280 742 4337 brevitate
755 4297 907 4339 narramus.
921 4282 976 4340 Sed

181 4368 295 4424 suldciat
319 4369 396 4423 uobis
415 4369 572 4439 (praetante
599 4371 726 4443 benninc)
747 4372 911 4429 intellectum
937 4375 974 4430 rei

182 4460 381 4529 eorupcudiusis
394 4461 519 4516 sensibus
531 4463 650 4531 aperire.
662 4461 770 4533 Legitur
783 4464 855 4520 eninr
869 4483 876 4519 :
890 4464 975 4538 Opera

1030 3268 1101 3322 cium
1117 3268 1246 3325 debemus
1259 3271 1392 3341 accipere,
1408 3272 1479 3342 quod
1494 3288 1530 3329 ex
1551 3283 1608 3331 toto
1622 3277 1664 3332 bic
1676 3293 1730 3334 uon
1753 3281 1831 3338 vale-

1030 3374 1090 3415 mus
1114 3360 1264 3416 adrertere.
1293 3363 1367 3419 istud
1396 3380 1461 3420 nero
1486 3369 1630 3435 presentis
1644 3371 1736 3427 muudi
1768 3384 1829 3440 esi,

1028 3449 1099 3519 quud
1120 3465 1150 3505 se
1164 3453 1309 3521 cognouisse
1323 3461 1452 3521 testatum
1475 3467 1504 3512 ut
1526 3457 1661 3516 bominem
1676 3463 1762 3520 antimi
1783 3476 1827 3522 te·

1030 3557 1105 3598 more
1118 3555 1272 3612 peccantem
1288 3545 1457 3602 lruuailiatum
1475 3551 1602 3621 corrigat,
1625 3564 1653 3608 et
1668 3558 1827 3626 supplicau-

1029 3634 1145 3689 transibi
1159 3634 1343 3692 misericordia
1358 3637 1448 3693 diuina
1463 3641 1584 3709 recipiat.
1601 3643 1666 3710 Quis
1678 3646 1753 3702 euim
1769 3649 1823 3706 dn·

1029 3727 1093 3783 bitet
1104 3742 1217 3783 summa
1231 3730 1366 3800 aequitatis
1379 3745 1440 3787 esse
1452 3732 1594 3802 judicium,
1608 3747 1636 3791 ut
1649 3739 1696 3808 qui
1712 3755 1764 3809 per
1782 3755 1824 3796 su·

1029 3819 1148 3888 peritiam
1163 3818 1330 3890 delinquunt,
1354 3821 1452 3878 devota
1476 3822 1630 3882 bumilitate
1655 3834 1827 3901 purgentur!

1029 3909 1063 3965 Et
1084 3913 1188 3966 intuere
1203 3913 1265 3981 quia
1286 3912 1331 3968 bie
1344 3927 1398 3969 non
1413 3914 1488 3981 dicit,
1510 3918 1624 3986 credidi,
1639 3921 1689 3976 sed
1703 3926 1827 3996 regnari,

1027 3999 1054 4056 id
1075 4013 1117 4056 est
1130 4010 1257 4072 expertus
1279 4018 1357 4071 sum·,
1380 4014 1409 4060 ut
1423 4004 1451 4060 in
1471 4007 1528 4062 suls
1548 4009 1722 4078 passionibus
1744 4023 1829 4084 atque

1028 4089 1165 4148 boneiiciis
1192 4092 1261 4149 banc
1286 4108 1316 4150 se
1336 4096 1492 4166 aequitatem
1522 4096 1626 4155 [lumini
1659 4107 1828 4174 cognovisse

1027 4195 1202 4242 monstraret.

1065 4275 1140 4333 ten.
1157 4277 1202 4333 76.
1219 4277 1281 4335 Fiat
1298 4297 1366 4335 nunc
1380 4283 1555 4339 arrisericerdia
1573 4294 1617 4339 tna
1635 4295 1663 4340 at
1677 4291 1827 4346 consoletur

1027 4383 1075 4435 nte,
1088 4369 1231 4424 eecttndrm
1241 4370 1371 4437 eleqrrt'rtut
1382 4380 1456 4428 tunm
1468 4392 1540 4429 seruo
1560 4384 1615 4432 teo.
1631 4376 1727 4434 Merito
1743 4381 1824 4451 petiit

1027 4460 1238 4529 anbaicordiant,
1254 4464 1299 4534 qui
1321 4466 1394 4534 prius
1408 4467 1435 4521 in
1450 4467 1602 4524 bumilitate
1615 4484 1664 4525 sua
1679 4472 1826 4530 coufessus

182 4565 304 4604 nanuum
328 4559 431 4604 tauram
451 4561 511 4605 eant
536 4553 593 4605 eoeft
615 4549 700 4624 (Psal.
726 4569 763 4620 cr,
788 4555 847 4626 ΞΘ).
868 4555 975 4626 Legitur
988 4527 1014 4589 Ῐ)
1027 4549 1195 4621 lueratjusta
1210 4552 1316 4609 Domini
1339 4553 1546 4625 luissejudicia.
1562 4557 1628 4612 Natu
1651 4559 1724 4616 iuter
1750 4577 1824 4618 saro·

99 4668 107 4683 ·
182 4642 263 4700 etiarn
276 4662 283 4696 :
296 4640 329 4695 Et
344 4642 446 4696 aridam
459 4653 553 4697 terram
567 4659 659 4698 manne
670 4647 727 4716 rjus
740 4646 871 4714 pinxerunt
884 4649 971 4718 (l'sel.

183 4749 254 4798 xcrr,
270 4733 310 4806 a).
334 4732 406 4789 lderu
424 4743 452 4789 ct
476 4733 519 4789 bie
533 4750 539 4787 :
554 4733 649 4788 denne
670 4744 721 4790 trra
743 4736 857 4806 lecerunt
881 4756 928 4806 rue,
949 4749 974 4795 et

182 4827 372 4900 pinserercrunt
383 4842 432 4882 rue.
447 4825 500 4882 Sed
516 4825 574 4881 hac
591 4827 680 4882 omnia
696 4828 801 4898 tropice
814 4829 884 4885 dicta
900 4841 972 4887 suut.

181 4918 248 4977 liam
263 4933 357 4973 manus
371 4917 471 4972 babere
483 4931 643 4987 corporeum
665 4927 715 4972 est.
731 4918 759 4975 Si
773 4934 839 4975 uero
852 4923 976 4991 proprie·

181 5018 263 5066 tatem
285 5008 449 5077 operationis
465 5008 610 5067 [lominica
631 5010 698 5066 telis
719 5011 871 5078 aduertere,
892 5015 974 5068 auti:

181 5097 266 5172 distr,
279 5111 302 5155 ct
315 5101 384 5172 [octo
399 5111 476 5166 ennt,·
501 5101 645 5165 mandarit,
664 5111 687 5155 et
701 5113 787 5155 creata
804 5113 865 5157 sunt
884 5102 973 5172 (Ptol.

179 5210 294 5261 carran,
309 5193 349 5266 5).
365 5196 533 5264 Quapropter
553 5194 716 5263 operationis
743 5195 802 5265 ejus
820 5197 905 5252 virtus
926 5198 975 5252 bu-

182 5297 262 5341 ruauo
276 5299 351 5340 ruore
363 5300 456 5339 arretina
468 5291 610 5350 vomatur,
625 5299 673 5355 per
684 5299 750 5356 quas
766 5301 817 5342 uos
830 5288 976 5345 consueti-

179 5391 241 5432 mus
254 5378 369 5446 operari.
385 5373 513 5431 derernnt
524 5386 626 5442 autem,
641 5376 748 5446 quidam
760 5376 852 5433 nolunt
866 5379 900 5433 ad
913 5379 973 5436 ani-

180 5482 252 5522 maru
275 5469 425 5537 pertinere;
453 5453 645 5539 plasmaverunt
660 5467 694 5521 ad
720 5481 829 5539 corpus,
850 5471 922 5540 quod
936 5469 971 5527 de

180 5555 246 5611 lituo
266 5568 345 5612 terrae
359 5562 530 5629 cognoscitur
544 5558 627 5614 luisse
646 5558 801 5614 formatum.
814 5559 889 5616 iusta
904 5576 971 5618 voce

181 5642 283 5700 lactura
297 5663 343 5701 sua
362 5651 458 5705 clamat
477 5650 607 5706 ductori:
624 5647 665 5702 De
684 5651 748 5705 ntibt'
770 5651 970 5718 intellectum,a

167 5750 225 5805 qne
238 5754 392 5808 cogitarem
412 5758 475 5802 esse
487 5743 631 5816 plasmata.
646 5741 700 5802 Sed
714 5743 849 5818 perquiret
863 5745 968 5815 quatem

1025 4657 1102 4697 muas
1123 4645 1287 4715 multiplices
1313 4655 1341 4702 et
1363 4663 1433 4702 saera
1453 4649 1599 4704 certamina
1624 4658 1824 4711 tormentorum

1024 4733 1230 4799 consolatricem
1242 4752 1332 4793 rerum
1347 4736 1459 4793 istarum
1475 4740 1679 4797 misericerdiam
1692 4744 1780 4813 petit:
1792 4754 1822 4801 ut

1024 4823 1203 4881 adversitates
1216 4828 1308 4884 saeeuli
1323 4826 1396 4885 ierre
1410 4829 1550 4899 potuisset,
1566 4846 1633 4901 quas
1647 4831 1700 4889 sibi
1712 4835 1749 4890 ad
1760 4852 1824 4907 pur·

1027 4917 1162 4987 gatiouern
1175 4918 1301 4974 vitiorum
1315 4921 1435 4990 prolicue
1447 4930 1558 4977 truserat
1570 4924 1751 4982 matributas.
1762 4926 1822 4983 Nou

1028 5011 1099 5065 euim
1113 5010 1213 5068 autern
1226 5012 1278 5069 sibi
1290 5013 1353 5069 talia
1365 5016 1520 5085 postularit,
1536 5018 1585 5074 sed
1600 5020 1628 5074 itt
1644 5019 1684 5076 eis
1697 5035 1728 5077 sc
1740 5035 1822 5094 expe-

1028 5104 1060 5158 tit
1074 5107 1219 5161 consolari.
1241 5105 1394 5181 Corrsolatie
1408 5114 1480 5166 euim
1495 5119 1549 5180 est,
1561 5114 1671 5184 qnando
1695 5118 1820 5175 miseria-

1028 5209 1087 5250 rum
1107 5197 1264 5264 patientiam
1278 5198 1371 5281 donat,
1394 5209 1527 5259 tormenta
1550 5220 1623 5263 sara
1644 5218 1821 5280 retemperat,

1028 5288 1157 5346 etalliicti
1180 5292 1262 5347 aniani
1284 5307 1417 5350 moerores
1441 5295 1614 5355 beatitudiuis
1640 5302 1821 5371 promissione

1024 5379 1167 5435 conlortat.
1188 5382 1325 5453 Sequitur,
1342 5386 1486 5441 recondam
1503 5388 1632 5459 eloquiam
1652 5403 1725 5446 ranan
1747 5409 1823 5449 serre

1023 5481 1079 5526 tna.
1094 5477 1117 5528 tt
1132 5477 1266 5531 communi
1287 5477 1431 5548 subiunge,
1446 5480 1506 5548 dat,
1522 5480 1548 5536 id
1567 5490 1609 5537 est
1623 5483 1773 5542 secuudum
1788 5485 1821 5547 ii·

1022 5565 1075 5619 lam
1099 5567 1305 5634 promissionem
1328 5584 1381 5640 qua
1404 5573 1550 5644 spopondit
1565 5575 1593 5631 in
1616 5575 1767 5649 Evangelio
1789 5595 1821 5638 se

1022 5655 1162 5711 tribulatos
1178 5658 1204 5714 in
1221 5660 1390 5728 passionibus
1403 5662 1516 5720 minime
1536 5665 1705 5725 relictorum.

1061 5747 1135 5805 lere
1153 5745 1195 5800 77.
1210 5747 1319 5807 venant
1331 5753 1395 5808 milri
1408 5753 1581 5815 mimatensi
1595 5765 1657 5829 trra.
1671 5763 1818 5831 etaient
