3794 6128
125 215 177 271 ist

571 216 750 273 estostTto
770 217 802 271 tn*
823 215 1050 273 ustilltltttbtt.
1074 218 1169 273 isat.
1192 216 1308 273 exstx.

1705 224 1756 275 bns

120 328 190 392 dias,
206 343 272 397 qnos
286 329 392 384 assiduo
407 330 497 383 inustos
521 331 581 386 salui
604 333 713 386 arcuatis
733 333 861 388 sensibus
875 333 952 398 itt-A
969 333 1054 386 latrum
1075 333 1173 403 quippe
1196 350 1219 386 ιιι
1230 335 1299 387 tibus
1321 344 1443 390 rtcutrum
1468 338 1534 406 frugi
1551 338 1649 409 aliquid
1672 353 1757 411 pratum
1853 326 1862 372 .'

121 408 261 494 {ccultant

125 594 129 599 ,
158 534 236 590 Voss.
252 535 279 589 d.
297 532 421 613 quimts
437 539 524 606 justus
539 538 653 591 concidet
671 538 779 591 ceruices
794 547 914 605 peccato·

121 645 189 682 nm.
205 627 272 684 Cum
292 630 327 683 sit
350 629 479 683 Dominus
503 630 624 696 patiens,
641 640 667 686 et
678 633 872 700 magnanimis,
889 638 918 685 et

122 719 259 775 susstinens
275 728 443 790 peccatores,
459 720 494 775 de
507 721 560 775 illis
574 720 792 790 delinquentibus
816 722 919 775 mauult

124 810 251 882 intetliqi,
267 810 313 881 qui
337 811 420 878 ipsius
445 813 627 867 misericordia
649 813 682 867 ad
708 813 917 868 satisfactionem

123 901 279 957 desiderant
300 902 387 963 redire
402 905 556 959 salutarem.
572 905 684 958 Cervices
703 918 792 959 atatem
813 921 861 974 pro
874 921 920 959 su-

122 994 216 1064 perbia
245 993 344 1063 positas
372 994 511 1064 Scriptura
540 1006 670 1062 testatur,
692 998 786 1050 dicens
809 1013 815 1049 :
838 996 918 1050 Cerno

122 1088 191 1156 qaod
214 1087 380 1153 populariis
401 1087 473 1140 dure
494 1088 596 1155 ceruicis
608 1089 641 1140 sit
657 1085 756 1157 (Esod.
777 1103 863 1151 sum
878 1086 917 1158 a).

124 1179 158 1234 lit
170 1179 264 1234 beatus
273 1176 425 1247 Stephanus
436 1179 462 1232 iu
478 1179 601 1247 passione
611 1193 658 1231 stra
672 1178 779 1233 iudeus
791 1194 917 1246 arguens,

122 1269 190 1325 uicit
202 1287 210 1323 ε
223 1270 295 1323 Dauo
310 1272 416 1335 eunice,
430 1280 455 1325 et
468 1272 651 1327 incircumcisis
672 1271 791 1326 cordibus
804 1280 828 1327 et
846 1272 920 1326 oriri·

124 1360 182 1425 dus,
200 1376 244 1431 cos
259 1378 357 1430 semper
375 1362 486 1432 Spiritui
500 1372 587 1419 sottctu
602 1363 741 1428 restitistis,
757 1364 822 1416 sicut
835 1373 857 1415 et
872 1380 917 1434 po·

126 1460 179 1505 tres
197 1451 274 1504 nestri
295 1451 366 1521 (tlct.
387 1467 434 1514 sn.
451 1452 508 1522 51).
536 1451 594 1507 istis
613 1468 678 1522 crgo
693 1453 751 1508 brec
766 1452 920 1514 vicissitudo

127 1540 260 1609 redditur,
274 1552 301 1597 ut
315 1544 423 1599 ceruices
436 1559 503 1614 quas
522 1555 612 1599 contra
630 1545 771 1599 Dasminum
788 1544 921 1600 lethaliter

126 1640 365 1711 cstttlcrunt,1'ugo
377 1642 462 1710 ipsius
475 1644 550 1698 suavi
562 1644 672 1698 salutari
690 1644 842 1700 bumilitate
854 1644 919 1699 sub·

125 1730 235 1791 danum.
257 1735 334 1798 erod
350 1749 422 1801 scepse
446 1733 483 1788 de
507 1734 723 1802 persecutoribus
746 1735 845 1789 iactum
860 1749 921 1789 esso

125 1831 320 1904 meminimus,
347 1843 373 1884 ut
408 1832 504 1887 berem
526 1833 717 1901 predicatores
745 1835 923 1890 sartctissimae

127 1924 278 1990 relisionis,
290 1926 335 1995 qui
352 1927 424 1992 prim
440 1926 509 1980 idola
526 1925 726 1981 rteiandissimis
742 1926 922 1995 persuasioni·

125 2013 178 2070 bus
189 2013 250 2087 [sss.
264 2014 296 2068 d.
312 2025 336 2069 st
356 2016 409 2080 ed,
426 2014 668 2088 persecutionibus]
684 2015 866 2072 vindicabant.

166 2126 243 2182 vers.
266 2126 293 2183 5.
320 2127 519 2198 Corriundontnr
540 2139 563 2184 et
584 2141 747 2185 revereantur
770 2132 922 2200 omnesqui

127 2228 236 2276 oderent
261 2223 336 2279 Sion.
362 2224 439 2279 Venit
462 2226 494 2280 ad
520 2227 677 2294 positionem
701 2228 861 2295 secundam,
877 2230 921 2285 ubi

127 2330 216 2386 usque
233 2315 267 2370 ad
282 2315 361 2372 ditem
384 2318 479 2385 psalmi
496 2333 543 2386 per
565 2320 676 2388 liguram
693 2319 850 2389 parabolen,
863 2321 920 2391 qui-

127 2395 241 2461 busdam
255 2409 503 2476 comparationibus
517 2409 680 2465 aduersariis
695 2410 837 2466 obstinatis
852 2427 922 2481 prae·

128 2493 194 2549 dicit
217 2510 278 2552 esse
299 2506 457 2564 sentiarum
481 2499 551 2570 quod
573 2500 613 2555 eis
636 2500 663 2555 in
690 2501 794 2557 [lumini
818 2512 924 2559 coastat

128 2587 240 2643 evenire
254 2602 333 2657 posse
345 2589 458 2657 judicio.
480 2589 690 2662 Consummatur,
707 2607 766 2647 cum
782 2594 921 2663 perddiom

128 2690 206 2731 siens
222 2678 337 2734 uiderint
353 2682 378 2734 iu
394 2680 436 2735 ilia
453 2684 566 2737 scritate
580 2683 712 2738 damnari.
729 2684 923 2756 disserebantur

126 2765 303 2834 iudicantem,
320 2785 398 2839 quem
423 2771 466 2825 tue
487 2772 658 2826 temnendum
675 2788 735 2829 esse
750 2783 922 2845 putaverunt.

128 2855 181 2922 ipsi
195 2856 266 2911 enirn
279 2858 387 2912 odmtu
408 2859 483 2924 Sion,
502 2859 528 2914 id
543 2868 586 2915 est
601 2861 760 2930 Ecclesiam,
775 2863 820 2933 qui
834 2865 922 2920 incar·
946 2866 950 2874 '

128 2949 266 3009 stationem
283 2949 388 3005 Domini
404 2951 505 3006 insanis
519 2952 655 3008 ruentibus
675 2964 849 3025 respuerunt.

132 3068 137 3087 ¹
165 3056 244 3113 Vere.
257 3058 285 3115 6.
301 3050 380 3112 Fiant
392 3060 457 3114 sicat
467 3063 554 3132 [enum
567 3062 747 3132 edificiorum,
759 3064 828 3136 qnod
838 3067 921 3137 prius·
938 3093 961 3155 C
976 3133 1008 3175 ev

128 3165 208 3219 quarn
230 3152 354 3206 evellatur
375 3155 477 3206 arescit.
507 3153 600 3209 Solent
624 3156 738 3225 edificio
764 3157 872 3213 deserta
896 3159 923 3212 iu

129 3243 314 3297 cacuminibus
328 3245 384 3298 suis
398 3245 498 3299 caduca
523 3247 583 3315 sena
605 3247 765 3316 producere,
781 3264 840 3317 quaa
861 3258 924 3304 ante

129 3339 237 3399 tempus
257 3332 425 3389 collectionis
445 3334 562 3391 arelacta
581 3335 737 3406 dispereunt
750 3355 756 3390 :
768 3340 832 3407 quia
853 3338 923 3392 ranila

130 3422 286 3479 sanissima
297 3424 388 3480 radice
399 3425 549 3497 vigiterunt.
562 3427 608 3482 llis
622 3437 777 3497 peccatores
792 3429 921 3485 obstinati

128 3515 268 3584 aptissima
292 3518 420 3574 societate
440 3519 588 3591 junguntur
601 3537 608 3573 ι
623 3523 749 3590 quioniam
764 3530 792 3576 ct
814 3521 858 3578 bic
871 3521 925 3576 ire·

129 3616 246 3674 quenter
262 3605 428 3676 dispereunt,
440 3620 582 3679 antequam
595 3610 628 3665 de
642 3612 692 3666 bac
705 3612 764 3669 luce
779 3613 921 3679 tollamur;

129 3707 277 3753 nascuntur
299 3700 371 3754 enim
386 3701 412 3754 in
427 3703 612 3758 certaminibus
626 3704 771 3774 superbias,
785 3705 830 3759 ubi
851 3705 923 3759 nulla

129 3781 269 3845 ssllditazo
280 3791 440 3846 consistunt.
453 3793 519 3846 Nam
531 3794 553 3847 si
565 3795 590 3847 in
604 3795 726 3850 conualle
744 3795 923 3866 lacrymarum

129 3882 331 3949 germinarent,
354 3881 455 3936 fructus
483 3898 546 3939 sitos
576 3886 717 3955 usquead
743 3888 923 3942 maturitatem

132 3972 260 4043 (unnim
275 3973 397 4044 incarne)
414 3975 602 4043 perducerent.

168 4084 244 4142 Vera.
266 4087 291 4143 7.
314 4072 424 4157 Deque
448 4105 498 4141 non
522 4089 634 4161 impleuit
661 4106 765 4144 monum
787 4106 860 4145 suom
881 4093 925 4160 qni

131 4176 225 4241 trinit,
249 4185 272 4230 et
298 4176 382 4230 sinum
409 4194 483 4231 strum
508 4179 551 4247 quii
576 4180 723 4248 manipnlos
754 4182 861 4251 roliiqit.
894 4182 924 4236 lu

130 4264 187 4321 ienl
211 4265 301 4334 speeie
324 4275 494 4334 perseveram
520 4276 547 4322 et
573 4269 645 4323 sicut
668 4271 792 4339 strperius
823 4275 849 4325 in
870 4274 925 4325 olio

129 4366 234 4441 psalmo
249 4366 282 4421 de
294 4366 432 4423 beatorum
446 4367 577 4424 fructibus
590 4369 674 4423 dicit:
691 4368 826 4424 Venientes
839 4383 923 4424 atatem

972 439 1114 479 turonus.-

1008 513 1086 569 lcrs.
1098 513 1124 568 8.
1140 511 1172 565 lc't
1183 529 1232 566 non
1244 514 1362 569 dixerunt
1371 517 1414 585 qni
1426 517 1758 586 preteribant:ll··nrdictio

973 603 1075 657 llomins‘
1095 621 1171 672 super
1191 604 1437 660 condendissimas
1461 610 1527 661 cobis
1542 611 1568 661 in
1586 614 1688 667 nornine
1705 614 1759 668 lto·

970 698 1042 751 mini.
1057 696 1227 754 Consuetudo
1248 700 1318 755 inter
1339 701 1467 757 llelnsuos
1481 713 1539 758 erat
1558 713 1587 758 ut
1608 709 1630 758 si
1646 721 1757 776 agentes

970 788 1051 853 riam,
1066 788 1219 844 laborantes
1235 790 1260 844 iu
1280 791 1370 858 alliquo
1395 807 1518 861 agrorum
1541 812 1623 864 opere
1644 802 1760 865 reperis·

970 889 1047 943 stitit,
1072 880 1156 949 qratia
1182 882 1280 935 imlnlta
1310 883 1513 952 benedicerent;
1539 888 1608 942 sicut
1634 889 1660 942 iu
1680 891 1756 945 'libru

971 970 1041 1025 itiam
1065 972 1161 1039 legitur
1177 989 1184 1024 ι
1202 972 1324 1042 Dicitque
1342 973 1410 1027 Roos
1426 978 1516 1046 jisueni
1539 979 1581 1046 qui
1607 983 1760 1034 messoriins

970 1068 1100 1130 proert'ot:
1118 1061 1241 1114 {lominus
1267 1065 1402 1117 subierunt.
1438 1066 1488 1129 Qui
1510 1070 1691 1137 responderunt
1714 1082 1758 1125 et:

970 1149 1107 1205 Benedicat
1129 1152 1175 1217 tibi
1191 1152 1315 1207 llonritms
1339 1155 1476 1224 (lintion,
1491 1158 1519 1223 l,
1533 1158 1572 1228 b).
1591 1161 1626 1213 lte
1640 1177 1692 1227 qum
1707 1164 1759 1219 ritu

971 1242 1128 1312 magnificus
1153 1241 1195 1296 bic
1215 1257 1230 1295 a
1252 1242 1394 1298 saturariu'
1408 1261 1503 1300 sensus
1522 1260 1675 1317 assttruptus
1699 1262 1759 1306 cst:

970 1332 1097 1402 quoniam
1113 1335 1250 1388 sceleratis
1275 1336 1389 1389 inaniter
1412 1338 1586 1404 operantibus
1608 1339 1761 1395 benedictio

971 1422 1043 1476 trulla
1060 1431 1212 1491 prestatur.
1229 1421 1415 1497 Proterrutttes
1435 1437 1523 1480 autem
1550 1428 1681 1496 significat
1697 1447 1760 1484 sau-

970 1524 1029 1571 ctus
1050 1516 1134 1579 riros,
1149 1516 1192 1585 qui
1215 1516 1306 1570 nttrrnli
1330 1517 1408 1571 istius
1430 1518 1585 1575 enutrisset
1607 1528 1760 1591 perturbata

973 1613 1134 1670 temnentes,
1148 1606 1181 1659 ad
1201 1605 1291 1660 sarcarli
1311 1606 1379 1660 illius
1401 1612 1513 1675 partica
1535 1619 1562 1664 et
1579 1612 1668 1679 quieta
1688 1613 1762 1666 lesti-

936 1706 1052 1779 Bnanu
1068 1705 1099 1751 ut
1123 1711 1216 1751 reuera
1241 1713 1293 1766 prm
1306 1699 1372 1751 ert're
1398 1698 1492 1754 ridcau
1507 1716 1555 1768 ur,
1570 1718 1630 1770 quse
1657 1705 1760 1759 litttniui

973 1804 1065 1843 amore
1085 1799 1267 1844 coritomnuut.
1283 1791 1348 1845 btain
1369 1793 1391 1847 si
1414 1791 1480 1849 istus
1494 1806 1674 1864 pretereuntes
1695 1802 1761 1855 uelis

900 1927 906 1938 .
974 1880 1023 1935 tibi
1036 1880 1195 1935 auctoritate
1215 1880 1303 1935 tliuina
1321 1883 1431 1949 inmari,
1446 1885 1508 1939 audi
1523 1887 1631 1958 linyseu
1644 1907 1651 1943 s
1663 1888 1761 1945 Tiaris-

973 1974 1015 2029 iio
1030 1980 1053 2026 et
1071 1974 1159 2027 uidebo
1174 1975 1295 2028 visionem
1309 1976 1376 2029 nortc
1397 1976 1496 2048 (Esod.
1510 1994 1548 2042 ιιι.
1564 1981 1604 2050 ἒ).
1620 1983 1652 2037 Ει
1665 1983 1691 2038 iu
1706 1985 1760 2039 alin

973 2065 1077 2136 psalmo
1090 2067 1212 2135 superius
1224 2066 1323 2121 dictum
1340 2077 1399 2122 ost:
1415 2067 1476 2123 Vidi
1490 2071 1596 2143 inpiam
1608 2079 1760 2143 supercurrit·

973 2167 1054 2214 totum
1073 2171 1096 2213 et
1117 2164 1240 2215 elocutum
1254 2163 1319 2217 sicut
1334 2165 1422 2218 cedros
1442 2163 1532 2221 Liboni
1542 2179 1587 2223 :et
1607 2173 1721 2234 transiri,
1737 2185 1761 2226 ct

974 2265 1030 2304 ecce
1051 2267 1101 2303 non
1122 2261 1176 2305 erut
1199 2253 1286 2323 terat.
1303 2269 1391 2311 xxxta.
1406 2255 1463 2325 55).
1484 2257 1563 2312 Vides
1585 2262 1635 2314 boc
1651 2267 1759 2317 rurlrmn

973 2355 1045 2409 saepe
1059 2342 1158 2398 satietis
1172 2345 1304 2398 mcttliluts
1318 2347 1485 2401 attributum.
1501 2351 1552 2405 Sed
1569 2366 1602 2406 ne
1617 2353 1671 2421 ipsa
1687 2354 1762 2409 isse·

973 2435 1052 2488 dictio
1069 2445 1205 2518 pritarctur
1220 2437 1343 2494 buuranis
1358 2442 1460 2499 uiribus
1483 2447 1653 2514 applicanda,
1672 2457 1762 2520 sequi·

974 2533 1028 2589 tur,
1045 2527 1219 2584 berredisiutns
1245 2532 1311 2585 uobis
1332 2532 1359 2586 iu
1380 2536 1482 2589 nomitte
1505 2535 1622 2598 Ilontini.
1639 2541 1696 2608 lusa
1719 2556 1763 2598 est

974 2621 1045 2675 enim
1061 2622 1136 2678 lirina
1151 2634 1177 2677 et
1189 2639 1249 2679 uera
1265 2625 1495 2700 benedictioque
1509 2633 1560 2686 sub
1575 2634 1678 2691 [munisti
1689 2653 1761 2690 nisan-

974 2719 1169 2798 mcmuratione
1194 2728 1376 2786 praestatum
1401 2736 1455 2791 qno
1480 2725 1554 2778 venit
1582 2742 1662 2783 simne
1689 2735 1760 2798 quud

974 2805 1092 2875 espedit.

1243 2918 1378 2974 Cottciusio
1391 2922 1493 2988 psalmi.

1010 3030 1195 3100 Respiciamus
1221 3032 1292 3088 lirano
1320 3034 1450 3100 psalrnum
1479 3038 1554 3104 qnasi
1585 3038 1688 3097 clarabus
1710 3045 1760 3100 alis

1010 3135 1109 3186 ectrtm,
1122 3122 1255 3176 deciorum
1271 3125 1459 3179 corrsrcndissu
1475 3126 1618 3197 lastigium.
1642 3132 1760 3192 Dextera

975 3214 1074 3282 quippe
1096 3216 1136 3268 ala
1164 3215 1248 3283 ipsius
1267 3224 1319 3281 cst,
1344 3227 1403 3284 post
1437 3220 1637 3284 prcrsccutioms
1664 3227 1763 3283 ntultau

974 3308 1101 3365 meteone
1113 3312 1288 3379 superborum
1304 3314 1456 3368 denuntiata
1469 3318 1620 3371 comersio.
1635 3317 1760 3387 Sinistra,

974 3403 1120 3457 odientium
1137 3402 1201 3458 Sion
1214 3415 1303 3469 optata
1320 3407 1451 3462 conlusio.
1469 3408 1544 3475 Qui-d
1565 3411 1691 3480 propbeta
1707 3428 1760 3467 nou

974 3492 1152 3548 ursledicendi
1177 3495 1267 3549 studio
1294 3497 1419 3565 loquitur,
1443 3502 1491 3555 soil
1518 3500 1612 3557 instituas
1640 3504 1760 3560 veritatis

975 3586 1101 3642 instinctu
1117 3591 1261 3657 :qnoniam
1276 3590 1338 3646 licet
1351 3607 1376 3647 et
1391 3608 1439 3662 pro
1451 3594 1565 3648 iniurias
1580 3599 1678 3652 trintris
1693 3613 1761 3668 pra·-

974 3679 1088 3749 cipiatnr
1109 3682 1250 3750 orandum,
1263 3682 1296 3738 do
1311 3684 1453 3740 obstinacia
1469 3696 1558 3742 tamen
1581 3691 1761 3758 asperitatis,

974 3770 1045 3839 quod
1073 3771 1172 3825 ueritas
1195 3773 1329 3839 balrebat,
1351 3778 1489 3845 esposuit;
1517 3793 1566 3832 nec
1591 3788 1679 3835 tamea
1704 3782 1762 3837 sino

976 3856 1061 3913 lruotu
1084 3875 1186 3927 magnae
1211 3865 1318 3944 pietatis
1342 3863 1400 3918 lamo
1420 3866 1489 3920 dicta
1512 3877 1583 3925 sunt.
1600 3870 1673 3925 titud
1689 3875 1761 3928 enim

975 3949 1009 4003 tle
1031 3950 1157 4018 praedicta
1178 3966 1256 4021 poens
1277 3966 1308 4008 se
1328 3958 1475 4028 corrigunt,
1490 3960 1596 4029 quando
1619 3963 1761 4017 obstinata

976 4044 1039 4097 tatia
1054 4043 1192 4098 itnutitrere
1204 4056 1378 4113 coquoscum.

1224 4158 1379 4215 essenus
1398 4158 1515 4229 cxxtx.

1195 4316 1198 4321 Ι
1231 4250 1364 4305 Carnicum
1376 4253 1511 4322 qrodumn.

1012 4364 1067 4420 Nisi
1078 4366 1245 4421 consuetudo
1256 4365 1505 4422 Ecclesiaesollicita
1518 4376 1607 4423 mente
1618 4367 1759 4434 recolatur,

129 4462 231 4516 cenent
239 4461 267 4513 in
282 4460 461 4525 exsultatione,
473 4470 601 4530 portantes
613 4461 757 4533 manipulos
767 4479 827 4517 suos
837 4461 923 4533 (Prot,
939 4447 964 4507 D
977 4467 1065 4527 potest
1080 4459 1193 4528 quanio
1214 4460 1342 4513 nonnulla
1357 4459 1490 4527 suboriri,
1505 4474 1553 4515 cur
1573 4461 1598 4515 in
1617 4461 1701 4529 gradu
1715 4479 1765 4516 tttt·

129 4566 212 4617 cssr,
226 4552 266 4620 d),
287 4553 321 4606 ita
347 4567 417 4608 nurto
431 4553 466 4608 de
482 4554 669 4621 peccatoribus
694 4557 859 4624 pronuntiat,
874 4572 925 4611 nec

128 4656 224 4705 marcu,
241 4655 290 4696 uec
311 4642 370 4696 sinu
386 4641 485 4712 aliquid
508 4657 541 4698 ex
565 4643 634 4699 cisa
650 4645 824 4714 messoribus,
838 4647 865 4701 id
884 4657 927 4703 est

128 4740 166 4787 ao
179 4732 295 4803 angulis,
308 4733 352 4802 qui
368 4733 400 4786 ad
415 4733 543 4803 iudicium
560 4734 665 4790 bomini
684 4737 798 4806 populos
810 4752 924 4807 congre·

128 4824 244 4893 gabant,
259 4838 320 4879 esse
335 4824 495 4893 portandum
509 4840 516 4878 :
528 4824 656 4895 quoniam
677 4826 722 4881 illa
735 4827 832 4882 messis
847 4829 926 4898 spiri·

131 4914 214 4969 titalis
226 4914 275 4968 init
287 4930 347 4985 quaa
360 4913 476 4969 iructutn
494 4916 596 4981 intulit,
606 4917 656 4971 ista
670 4932 733 4972 uero
744 4917 860 4973 carnalis
872 4927 925 4986 est,

131 5018 192 5075 quae
213 5005 287 5060 nulla
312 5007 406 5060 triticei
430 5008 550 5062 nntucris
573 5007 736 5063 leonarditate
761 5007 879 5074 letatum
898 5019 927 5064 nt

134 5110 182 5152 nee
194 5111 276 5151 unam
299 5111 406 5150 triarnum
421 5098 536 5164 repleat,
551 5113 601 5152 nco
621 5098 709 5152 sinum
725 5113 839 5154 onerare
854 5114 925 5168 prm·

133 5184 233 5242 valeat.
249 5184 322 5240 Talis
344 5196 386 5242 est
411 5187 460 5241 ista
482 5185 578 5241 messis
592 5203 651 5254 quas
667 5188 693 5242 in
714 5186 849 5243 dominico
862 5204 926 5257 agro

136 5290 187 5332 son
202 5278 315 5343 seritur,
330 5279 418 5333 sedin
435 5279 589 5348 pectoribus
610 5281 786 5346 superbarum
802 5283 876 5347 qtrmi
899 5282 925 5334 in

136 5371 296 5427 culminibus
320 5372 429 5427 caducis
455 5374 598 5428 enascitur.
636 5371 703 5425 Natu
729 5372 925 5468 quoeruotns

135 5460 231 5519 efferre
246 5461 404 5532 potuitquae
419 5462 564 5530 priusquam
579 5462 723 5515 euellerctm
738 5463 854 5515 exorruit?
873 5461 926 5516 Nic

137 5547 200 5608 iilud
214 5563 292 5607 vacat
305 5570 339 5623 qu
351 5555 373 5606 ut
387 5568 491 5606 trionum
506 5553 593 5621 postris
607 5563 630 5606 et
644 5554 727 5606 sinum
740 5568 749 5607 .·
764 5570 852 5606 ntontts
866 5571 924 5623 pter·

135 5640 202 5703 linet
214 5644 247 5698 ad
261 5645 442 5714 «imittuntur
453 5686 460 5709 ,
473 5649 544 5699 sinus
557 5645 590 5700 ad
605 5645 810 5712 conscientiam,
827 5645 853 5700 iu
869 5660 925 5699 uta·

261 5738 396 5798 Parnes.
421 5736 522 5797 Lxx.

978 4550 1084 4604 decimo
1102 4550 1249 4606 collocatus
1271 4551 1416 4620 propbeta,
1432 4566 1462 4607 se
1478 4552 1642 4622 poenitentiae
1661 4554 1766 4609 satista-

977 4640 1068 4697 ctione
1081 4650 1241 4711 prosternat.
1256 4642 1285 4698 la
1296 4643 1354 4713 ‚tati
1368 4644 1440 4698 enim
1455 4644 1572 4699 culmine
1593 4646 1764 4707 constitutus.

978 4740 1006 4787 et
1026 4744 1134 4787 evectus
1151 4731 1184 4787 ad
1207 4732 1319 4803 gloriam
1343 4734 1548 4802 sempiternam,
1561 4734 1765 4804 trepidationem

978 4826 1065 4881 sdbm:
1076 4826 1176 4882 baitsro
1191 4826 1288 4894 potuit,
1300 4842 1353 4880 nou
1368 4828 1483 4882 ruinam.
1498 4826 1598 4881 Sinulis
1613 4828 1685 4881 enim
1697 4829 1767 4882 satin

979 4915 1006 4971 iu
1020 4917 1167 4971 centesimo
1182 4917 1313 4987 vigesimo
1335 4918 1451 4988 septimo
1473 4918 1576 4987 psalmo
1589 4917 1694 4973 reddita
1711 4932 1762 4984 est,

979 5024 1039 5065 cum
1067 5009 1190 5063 timorem
1220 5010 1326 5064 bomini
1352 5025 1399 5079 per
1422 5024 1516 5066 omnes
1539 5010 1638 5078 prmius
1662 5012 1688 5065 in
1716 5013 1766 5065 troo

979 5099 1081 5154 mundo
1108 5099 1208 5153 satietis
1229 5098 1346 5155 diximus
1367 5100 1513 5156 cottt'enire
1540 5101 1674 5169 personis-
1701 5100 1769 5154 Dicit

981 5191 1061 5245 etiam
1080 5189 1197 5244 [eclesia
1214 5190 1240 5242 in
1265 5190 1414 5244 centesimo
1425 5189 1554 5260 vigesimo
1566 5203 1661 5245 octavu
1673 5207 1681 5242 ε
1694 5187 1770 5257 Supe

981 5294 1186 5352 espnqnocerunt
1210 5300 1249 5336 tite
1270 5300 1286 5336 a
1305 5285 1439 5352 jurentote
1461 5301 1533 5347 stem·
1549 5293 1577 5338 et
1599 5284 1676 5351 paulo
1697 5298 1770 5353 post.

983 5374 1068 5444 Supra
1083 5375 1188 5428 dorsum
1200 5391 1280 5427 nteum
1296 5375 1480 5445 fabricaverunt
1495 5383 1647 5442 peccatores,
1660 5373 1767 5427 mullas·

979 5481 1031 5537 que
1048 5467 1214 5520 calamitates
1232 5468 1381 5521 asscendens
1405 5466 1517 5534 populus
1535 5466 1585 5520 istc
1605 5466 1765 5532 dinumeret,

980 5572 1046 5627 quas
1060 5557 1148 5611 atllruc
1160 5555 1307 5611 sustinebat
1320 5558 1347 5611 iu
1364 5558 1472 5611 antitodo.
1490 5556 1527 5609 lta
1543 5564 1572 5611 et
1589 5556 1631 5611 bic
1641 5554 1769 5625 quidquid

980 5646 1007 5701 in
1021 5645 1155 5700 excelsum
1175 5645 1345 5716 propbeticus
1366 5645 1470 5701 animus
1492 5645 1593 5709 tendit,
1607 5645 1722 5715 snpttus
1736 5656 1766 5696 se

1577 5736 1615 5800 30
