3794 6128
129 257 180 312 till

735 250 769 308 lt.
791 249 929 307 sduettt
949 247 1147 306 casstttltottt

1711 249 1766 305 bltt

129 374 228 432 christi
249 371 421 446 cognoscitur
435 367 582 440 predicare
603 380 754 437 personam.
776 365 833 421 Nou
848 366 920 422 enim
938 363 1089 435 ,aloquitur
1112 363 1253 433 psalmum.
1279 361 1305 416 ln
1328 363 1411 433 prima
1432 371 1507 432 purte
1527 364 1631 419 zelasse
1648 378 1678 420 sc
1699 367 1768 422 dicit

130 466 276 538 quidquam
292 461 386 530 plurali
410 473 522 515 numero
545 456 627 521 dixit,
641 457 702 526 quia
726 470 808 510 unum
824 453 922 510 Filium

131 558 202 614 credi
218 556 309 612 uoluit.
326 554 384 625 lpse
399 562 441 609 est
453 551 524 609 enlm
540 551 586 622 qui
600 567 632 607 et
650 550 728 606 Patre
742 556 806 605 ante
823 548 924 603 saccula

132 660 209 704 natus
222 654 272 713 est,
286 647 330 716 qui
343 645 369 700 in
384 653 461 700 utero
474 643 586 713 Virginis
597 657 704 697 carnem
717 650 815 695 nostrae
826 648 925 695 morta·

132 739 216 796 litatis
230 738 385 803 assumpsit,
400 735 559 790 lrnmousinn
574 734 647 789 Patri
664 733 810 789 secuudum
826 729 925 786 divini·

132 840 232 896 tatem,
257 830 414 884 bomonsion
437 842 541 898 qvnoque
559 827 635 882 uobis
658 824 803 882 secundom
829 823 924 879 burna·

134 927 260 989 nitatem,
286 919 426 975 inuisibilis
453 921 567 985 deitate,
590 918 675 973 lactus
697 927 738 972 est
761 917 925 972 humanitate

136 1012 259 1066 risibilis.
277 1010 333 1065 Pati
348 1011 428 1064 bomo
442 1019 551 1079 propter
566 1022 615 1062 uos
628 1008 753 1078 dignatus
768 1016 819 1073 est,
836 1020 884 1075 per
896 1021 925 1063 sc

135 1104 307 1174 impassibilis
320 1104 401 1169 Deus,
414 1117 467 1157 nnn
483 1099 822 1156 suuunitntemdirinitatis
835 1098 925 1153 immi·

136 1212 236 1261 nuens,
254 1196 300 1251 sed
315 1195 490 1250 bumilitatem
509 1194 595 1248 carnis
609 1194 739 1248 exaltans.
759 1193 813 1245 linc
833 1201 926 1247 saneta

91 1302 95 1311 ·
136 1289 277 1360 prophetia
287 1287 369 1357 dicit,
383 1285 433 1340 boc
449 1284 653 1348 Evangeiinrntu
667 1282 823 1354 frequenter
836 1292 927 1338 textus

138 1380 264 1444 insinuat,
276 1377 325 1432 ltoc
336 1392 384 1448 per
395 1385 477 1432 totum
490 1373 616 1429 mundum
628 1373 703 1428 beata
715 1373 925 1441 annitentem,

137 1482 166 1526 ut
180 1487 194 1526 ι
210 1469 340 1524 catltnlicn
359 1468 410 1522 lide
430 1466 474 1522 ille
498 1476 675 1535 cognitiscntur
694 1472 859 1528 extraneus,
881 1465 926 1534 quvi

138 1563 183 1615 tuli
195 1578 247 1615 uon
261 1559 340 1614 luerit
351 1559 496 1613 stabilitate
508 1557 641 1611 lrtudatns.
651 1557 783 1612 ilctncnto
798 1567 927 1626 praeterea

138 1654 207 1722 qnod
221 1652 236 1704 lt
248 1667 263 1707 o
277 1661 387 1721 qtrartns
402 1662 444 1705 est
461 1652 580 1719 psalmus
595 1665 626 1703 er
642 1649 683 1703 bis
697 1665 765 1720 quos
778 1651 810 1704 dc
823 1649 894 1704 duab
914 1663 927 1705 s

139 1747 241 1799 naturis
260 1747 394 1797 locuturos
406 1756 465 1796 csse
480 1741 662 1811 praediximus.

265 1857 445 1913 exeosutb
467 1856 497 1911 tet
519 1856 682 1914 l‘sultttlll
702 1856 806 1914 Lxxtl.

140 1949 293 2018 Defecerant
311 1950 400 2004 lauder
422 1948 505 2002 Duoid
524 1950 572 2015 ptri
590 1947 681 2015 lette,
701 1949 814 2021 psalmus
830 1949 927 2018 druplr.

175 2066 242 2118 Dum
257 2063 283 2117 iu
300 2063 383 2117 titulis
397 2063 579 2131 superioribus
597 2063 679 2117 unito
693 2073 796 2118 tantum
808 2062 929 2118 videatur

136 2160 285 2223 arripitur,
307 2154 349 2209 liic
367 2155 484 2214 addidit,
505 2154 554 2224 pilii
573 2154 662 2219 ιιιιες
683 2155 787 2209 seilicet
805 2162 835 2209 ut
854 2153 927 2207 illum

141 2248 224 2301 Durio
239 2259 339 2316 putretu
354 2246 506 2302 Salomonis
519 2247 667 2316 intelligere
681 2247 841 2310 debcarnns;
856 2245 927 2314 quod

137 2337 171 2392 ad
195 2351 336 2408 personam
359 2337 559 2404 exprimendam
585 2337 721 2406 propbeta
744 2345 929 2404 competenter

139 2429 270 2500 ntljcctnrn
282 2438 332 2481 est.
343 2429 406 2482 linc
417 2443 485 2482 noun
497 2438 538 2483 est
550 2433 653 2495 speclea
663 2427 838 2491 deduitioult,
848 2442 927 2496 urrann

138 2517 224 2574 Gracci
237 2520 290 2573 και
302 2519 480 2578 ὑποτύπωσιν.
494 2518 577 2573 Latini
590 2533 638 2587 per
647 2519 787 2588 grtamdant
800 2518 929 2585 iruaeina·

140 2610 239 2664 tinncnr
252 2608 317 2683 led..
326 2607 480 2679 imaginem]
494 2608 598 2668 dicunt,
615 2609 720 2678 qunndo
731 2605 865 2662 nominata
873 2623 929 2661 mn·

139 2710 180 2753 tre
198 2697 238 2751 vol
260 2707 351 2767 patre,
373 2698 405 2751 ad
420 2697 618 2765 intelligentiam
640 2696 783 2751 inulividnre
805 2710 928 2768 personae

138 2805 235 2846 sensus
249 2800 339 2846 noster
351 2790 501 2846 adtlucitur.
523 2790 726 2859 Congregantur
744 2792 823 2845 etiam
838 2790 928 2845 multae

139 2897 182 2937 res
194 2881 228 2936 ad
240 2880 551 2951 perennascnrnmuniter
565 2879 629 2951 [sd.,
638 2878 762 2950 comiter]
773 2880 927 2950 exprimen-

137 2973 201 3037 das:
216 2983 246 3026 ut
265 2981 306 3028 est
319 2971 402 3025 illud:
419 2971 544 3027 Socrates
566 2970 634 3024 filins
647 2969 835 3040 Sopttnorumt,
851 2971 928 3039 euius

138 3073 224 3118 ntater
238 3073 278 3116 est
293 3062 460 3125 Plnrnarete,
475 3060 579 3125 calvus,
592 3069 743 3123 ventrosus,
759 3060 851 3112 sltnus.
864 3058 927 3113 linc

137 3261 193 3299 nns-
204 3254 294 3297 untur.
308 3243 360 3298 Sod
375 3244 400 3296 in
415 3243 465 3297 bac
475 3257 504 3297 re
515 3254 586 3296 tanta
602 3242 723 3310 ponenda
738 3249 810 3310 sunt,
826 3254 927 3311 quauta

136 3343 251 3404 possunt
266 3333 393 3386 individui
404 3332 438 3386 de
450 3348 502 3401 quo
516 3333 655 3402 quaritur,
668 3332 702 3387 ab
711 3333 835 3387 omnibns
848 3343 928 3389 caete·

139 3426 175 3476 ris
188 3435 358 3490 sequestrare
373 3437 526 3491 pensorum.
542 3419 644 3475 Laudes
666 3437 730 3491 ergo
750 3422 826 3477 istius
845 3422 926 3476 Dnrirl

138 3513 261 3581 defecisse
288 3510 368 3577 vlit-it;
396 3511 465 3581 qttod
490 3511 540 3564 nisi
569 3520 788 3580 perscrutemur,
816 3513 926 3568 omuino

137 3603 300 3657 evtttlrttriutrt
314 3613 364 3668 est,
381 3612 409 3656 nt
420 3602 445 3655 iu
456 3601 543 3655 medio
560 3616 626 3671 pene
641 3617 720 3671 opere
734 3602 870 3671 propltetae
885 3604 925 3658 di·

137 3705 178 3750 cat
198 3694 328 3760 prectrnia
343 3693 483 3748 deiecisse.
507 3692 558 3748 Sed
582 3709 687 3748 cavtsam
712 3693 789 3763 lntjus
807 3693 871 3749 dicti
892 3695 926 3749 ab

137 3787 241 3854 origine
265 3785 457 3854 perquiramus.
480 3783 545 3839 Cutn
570 3784 730 3839 israeliticus
755 3786 867 3856 populus
892 3786 926 3840 dc

137 3885 208 3930 terra
223 3875 329 3945 AEgppti
346 3890 394 3944 per
409 3875 533 3928 trnirncula
551 3873 674 3928 burvtanis
692 3875 776 3929 oeulis
798 3890 927 3944 apparen-

137 3968 173 4021 tia
191 3967 357 4030 liberarctnr,
373 3980 421 4036 pro
435 3965 540 4020 collatis
552 3965 689 4020 benellciis
701 3965 755 4020 Deo
770 3967 863 4021 laudes
879 3981 925 4035 per

137 4060 267 4114 sacrificiu
290 4058 435 4128 pecudum,
458 4068 485 4113 et
505 4060 740 4113 instrumentorum
763 4059 923 4113 musicorum

137 4150 329 4205 cursonatinno
353 4148 496 4214 reddebat3
518 4163 577 4218 qua
597 4148 622 4201 in
644 4147 754 4218 figuram
775 4149 924 4203 lactarunt

137 4242 265 4312 usquead
282 4240 473 4308 plenitudinem
490 4241 617 4310 temporis
630 4255 682 4310 quo
696 4240 820 4296 Cltr'stur
835 4240 925 4296 Donati-

137 4352 187 4388 nns
202 4334 349 4387 adueniret.
363 4334 421 4386 lstte
433 4347 495 4402 ergo
511 4332 602 4386 landet
616 4334 787 4402 temporales,
801 4349 860 4405 quae
876 4350 924 4404 pro

138 4425 232 4479 diuinis
247 4424 383 4479 berteliciis
398 4424 592 4491 reddebantur,
605 4426 751 4498 desccrrnnt
764 4436 843 4496 atqrtc
862 4443 921 4481 mu·

137 4527 199 4571 tatae
214 4525 292 4581 sunt,
316 4516 378 4585 qtria
393 4530 463 4570 nurtc
479 4515 596 4569 leelesia
614 4515 741 4571 catbnlicn
761 4519 923 4572 itrtutnlntio-

136 4624 197 4663 uero
211 4607 332 4677 corporis
346 4615 374 4660 ct
387 4605 524 4675 sartguinis
534 4605 643 4669 Christi,
654 4615 681 4660 et
691 4615 809 4661 sanctam
821 4608 924 4678 peragit
989 4653 994 4664 .

135 4698 321 4770 psalmodiam.
339 4698 473 4768 Sequitur,
488 4698 602 4766 prointus
617 4699 714 4768 Aruplt.
737 4699 823 4769 Asopi
837 4701 922 4769 sigui·

136 4790 218 4844 strare
236 4788 403 4860 synagogam
422 4786 533 4841 llcbrea
555 4786 642 4857 lingna
661 4796 854 4856 testatumque
870 4790 922 4842 Dn-

134 4881 237 4935 utinum
252 4879 357 4949 quidem
378 4878 499 4945 colebat;
516 4879 562 4935 sed
583 4879 696 4934 ridendo
715 4880 810 4936 liuore
827 4882 921 4946 malos,

133 4971 162 5025 in
178 4970 307 5039 pessimas
319 4969 494 5038 cogitationes
510 4968 657 5035 incideram
669 4986 701 5024 er
716 4971 793 5037 cujtrs
810 4987 922 5040 persona

133 5062 162 5116 in
177 5063 227 5115 ltoc
237 5062 339 5131 psalmo
354 5061 410 5129 ipse
424 5060 509 5126 Arnplt
524 5059 651 5128 loquitur,
663 5062 707 5131 qui
720 5063 744 5115 iu
756 5077 804 5116 suo
814 5063 923 5117 nomine

136 5149 921 5222 Synagngecontinetsignificationem.Degentilibuseuim

134 5242 252 5313 populis,
276 5240 349 5295 etde
372 5240 414 5294 bis
436 5240 480 5309 otti
504 5243 588 5310 legem
610 5241 712 5296 Domini
733 5255 921 5310 susceperunt,

133 5334 215 5388 tuulta
231 5330 349 5386 dicturus
364 5337 419 5392 est,
436 5344 495 5398 gntae
515 5329 547 5383 ad
568 5331 707 5386 emendati
721 5347 781 5386 nem
802 5344 921 5388 nostram

134 5423 420 5487 utiliterdicnutur,ne
429 5421 527 5474 talibus
538 5419 625 5491 cogita
639 5419 744 5478 ionibus
759 5422 920 5493 polluamur.

426 5532 521 5586 Diuisio
536 5534 639 5599 psalmi.

167 5643 244 5705 Sicut
253 5647 377 5706 divimus,
393 5642 477 5709 erupit
491 5658 525 5698 er
538 5654 599 5715 typo
612 5645 760 5718 synagoge
771 5663 820 5719 per
836 5658 919 5707 totum

977 455 1129 510 lelicitatctu
1145 454 1248 518 mundi,
1262 469 1354 524 pacem
1369 465 1499 510 contuens
1515 465 1686 522 peccatorum
1698 472 1706 510 r
1719 457 1768 510 atl-

976 547 1076 600 mirans
1090 561 1139 602 our
1154 546 1269 600 inimicis
1285 547 1329 601 Dei
1343 555 1370 600 et
1384 545 1494 615 paganis
1515 547 1677 614 prosperitas
1693 556 1766 602 tanta

976 638 1145 706 provenerit,
1164 646 1192 691 nt
1211 651 1242 691 os
1264 653 1342 692 suum
1362 625 1496 706 usquead
1518 638 1616 691 cteltuu
1636 637 1768 695 extollere

976 727 1139 781 viderentur.
1155 725 1277 781 Snottnrln
1293 736 1369 795 parte
1380 740 1548 781 reversurum
1559 726 1624 781 dicit
1637 727 1766 796 populum

975 831 1053 871 enirm
1076 818 1109 871 ιιι
1129 817 1235 871 salubre
1252 817 1408 878 cotnsitiuvn,
1423 825 1450 870 ct
1464 818 1583 885 pristin-s
1597 817 1769 886 cogitationis

976 907 1137 961 erubescere
1153 907 1325 972 pravitatem,
1348 905 1436 960 dntrrco
1452 905 1544 959 ultima
1559 904 1703 973 impiorum
1727 907 1769 960 iu·

977 996 1097 1067 telllgerc
1117 1006 1195 1065 atque
1213 997 1369 1065 conspicere
1394 1005 1538 1049 mereatur.
1562 993 1651 1049 Tertia
1675 1005 1769 1063 parte,

979 1090 1176 1162 propterdnlns
1191 1104 1255 1142 suos
1275 1091 1344 1142 mala
1364 1087 1453 1158 impiis
1467 1089 1612 1155 prorettlre
1633 1096 1769 1155 testatur,

978 1181 1039 1251 qnia
1055 1194 1161 1236 sanctos
1184 1181 1255 1234 virus
1278 1178 1404 1234 latit-itate
1427 1194 1476 1233 sua
1498 1179 1682 1235 scandalizare
1696 1180 1773 1235 vidc-

978 1270 1084 1333 bnntur,
1095 1287 1123 1324 se
1135 1278 1223 1323 tannen
1236 1269 1364 1324 beneticio
1375 1269 1477 1322 Domini
1487 1270 1520 1322 tle
1533 1269 1574 1322 bis
1583 1269 1662 1323 malie
1672 1269 1772 1325 assuit

978 1377 1039 1416 esse
1052 1361 1203 1416 liberatum.
1218 1361 1315 1425 anarta
1328 1357 1402 1421 dicit,
1421 1359 1555 1426 quomodo
1573 1357 1606 1411 ad
1621 1359 1770 1426 perlectum

979 1452 1157 1520 intellectum,
1171 1452 1281 1505 Dnutirto
1295 1451 1449 1516 miserante,
1464 1454 1623 1518 peruenerit.

1247 1542 1380 1610 Expositis
1395 1544 1498 1610 psalmi.

1016 1632 1094 1688 l'crs.
1112 1634 1136 1687 l.
1155 1632 1238 1700 Quom
1252 1634 1331 1686 bottas
1348 1632 1429 1688 lsrael
1443 1632 1512 1687 Deus
1524 1635 1564 1687 ιιι
1576 1636 1619 1703 qui
1633 1646 1774 1694 rectoratus

944 1744 967 1803 tt
982 1727 1058 1778 corde
1069 1728 1086 1799 [a
1096 1726 1135 1790 d.,
1146 1728 1220 1779 rutis
1235 1741 1258 1778 c.
1267 1727 1330 1796 rn‘rjl
1344 1728 1374 1780 lb
1383 1726 1507 1781 cordatus
1522 1727 1624 1796 duple,
1644 1733 1772 1795 nuorviam

980 1819 1057 1874 istius
1068 1821 1158 1874 sarculi
1170 1820 1291 1874 lelicibus
1306 1820 1455 1886 invidiss··t,
1469 1832 1497 1875 et
1511 1836 1594 1891 usque
1608 1824 1642 1876 ad
1658 1823 1771 1878 nimiam

981 1909 1115 1964 tristitiam
1130 1909 1191 1965 inde
1207 1911 1381 1980 pervenerit,
1396 1911 1456 1980 quia
1472 1911 1600 1968 Dominus
1613 1925 1772 1982 peccatores

981 2004 1006 2059 in
1020 2002 1071 2057 boc
1084 2004 1184 2060 saecrtlo
1196 2003 1294 2059 llorere
1307 2012 1453 2072 pateretur,
1470 2019 1499 2060 sc
1512 2008 1569 2074 ipe
1586 2007 1773 2061 ovrrdemnnna

979 2094 1108 2149 eructavit
1140 2109 1229 2150 reram
1261 2109 1425 2166 suavemque
1448 2097 1626 2163 senteutiam,
1651 2098 1771 2154 dinetus:

980 2187 1079 2243 Bonum
1095 2204 1155 2245 esse
1169 2187 1262 2256 Dentur,
1273 2189 1320 2244 sed
1331 2190 1370 2245 ltir
1380 2192 1424 2262 gui
1435 2203 1505 2245 recto
1518 2201 1576 2244 tant
1589 2194 1677 2256 corde,
1691 2193 1719 2247 id
1729 2203 1772 2250 est

979 2285 1023 2353 qui
1038 2300 1118 2356 opera
1142 2287 1200 2354 ejus
1214 2287 1303 2340 studio
1323 2287 1429 2353 p'etatis
1444 2285 1606 2358 intelligunt.
1628 2287 1707 2345 ilnde
1724 2291 1771 2344 ad·

980 2375 1093 2430 vertitur
1107 2377 1195 2444 prauis
1206 2377 1382 2445 distortisque
1395 2378 1551 2432 mortalibus
1561 2377 1769 2448 dispositionem

981 2465 1041 2536 rjus
1063 2467 1202 2536 sacrilegis
1226 2468 1431 2537 cogitationibus
1455 2469 1604 2536 displicere.
1632 2470 1678 2526 Sic
1699 2474 1769 2526 sanir

979 2557 1065 2611 ocrtlis
1088 2558 1277 2613 serenissimus
1300 2561 1339 2613 sol
1356 2559 1482 2628 relulgct,
1508 2569 1618 2615 econtra
1639 2561 1769 2616 olecnrru

981 2645 1088 2701 ridetur
1103 2647 1156 2700 illis
1172 2662 1286 2716 quorum
1302 2647 1400 2702 lumina
1422 2649 1579 2704 inlirroitatc
1600 2649 1767 2704 detinentur.

1017 2736 1093 2790 l'ers.
1108 2736 1136 2790 ι.
1151 2737 1204 2790 ilci
1216 2750 1302 2792 antem
1324 2753 1385 2805 peno
1399 2740 1461 2792 moti
1476 2749 1534 2792 runt
1547 2739 1635 2809 perier,
1651 2755 1719 2808 prus
1730 2745 1768 2811 rs·

978 2821 1029 2893 {atsi
1043 2836 1102 2879 rant
1116 2841 1215 2895 preerat
1232 2828 1290 2880 tuci.
1309 2826 1341 2882 ttt
1355 2826 1401 2880 int·
1413 2827 1519 2897 lligeres
1536 2839 1661 2883 structum
1683 2830 1768 2885 virum

977 2926 1070 2970 eontra
1083 2931 1111 2970 se
1121 2919 1287 2985 superiorem
1303 2920 1399 2986 protuli
1415 2934 1446 2975 ae
1459 2920 1631 2986 senteutiam,
1647 2922 1722 2991 qnid
1732 2922 1768 2976 ia·

978 3010 1082 3066 miliare
1096 3025 1203 3080 scurper
1212 3020 1254 3067 cst
1264 3013 1354 3080 justin,
1374 3029 1457 3067 snum
1473 3012 1614 3082 profitetur
1626 3029 1766 3081 errareut;

138 3154 209 3209 enirn
232 3156 321 3206 onnia
346 3153 431 3206 snlnm
455 3153 591 3208 Socratem
616 3151 734 3206 indicare
761 3167 792 3206 nc
814 3151 926 3208 destruite
941 3109 963 3172 C
977 3107 1008 3204 ,υἱ
1022 3116 1089 3171 pene
1102 3102 1204 3170 'mum
1220 3120 1249 3157 ⁵⁸
1263 3104 1377 3172 ‘hm'
1391 3119 1432 3158 ω’
1449 3105 1645 3162 mmmmm
1662 3107 1767 3163 m

976 3184 1197 3248 trratiouabllitcr
1209 3193 1377 3262 displicebat.
1398 3196 1532 3265 scriptura
1549 3199 1704 3268 frequenter
1720 3214 1767 3269 prr

979 3284 1154 3356 tropologiam
1173 3286 1291 3356 appellat
1306 3286 1400 3355 pedatu
1416 3288 1557 3343 arbitrium
1575 3292 1695 3356 menda,
1714 3304 1768 3360 que

979 3376 1029 3430 bra
1045 3377 1180 3432 uoluntate
1193 3378 1324 3432 consistit.
1341 3376 1417 3432 llnnc
1435 3378 1581 3448 dicitpene
1593 3379 1679 3435 trusae
1694 3395 1768 3434 com·

978 3477 1090 3530 motum,
1104 3466 1211 3535 gunardo
1223 3481 1236 3519 a
1251 3482 1315 3522 vero
1329 3467 1463 3523 intellectu
1475 3468 1533 3539 ejus
1545 3469 1767 3525 anintusdiscre·

977 3559 1066 3623 pabnt.
1078 3557 1144 3614 llam
1158 3573 1219 3613 curn
1233 3558 1307 3624 dzoit,
1323 3576 1395 3631 perte,
1405 3560 1458 3615 cito
1474 3576 1504 3615 so
1516 3561 1547 3616 nd
1562 3561 1632 3616 riann
1645 3561 1767 3616 ueritatis

977 3649 1090 3704 rediisse
1100 3662 1306 3717 commentorum
1320 3661 1349 3706 nt
1359 3655 1497 3708 darttnnrct
1513 3668 1633 3709 errorent
1646 3656 1694 3725 qai
1705 3672 1767 3709 aur·

977 3744 1065 3810 ripere
1081 3742 1234 3798 iestivrabat.
1251 3745 1387 3814 Sequitur,
1409 3761 1472 3812 ponc
1489 3744 1565 3812 effari
1583 3756 1645 3800 ratu
1666 3763 1767 3818 ςιιιιιιι

977 3837 1037 3890 mei.
1049 3834 1159 3891 Grersue
1173 3837 1324 3907 siguilieane
1338 3839 1455 3891 diximus
1465 3846 1541 3891 attus
1552 3837 1696 3902 unimanus,
1706 3839 1768 3907 ptri·

977 3925 1027 3980 bns
1036 3941 1082 3995 per
1090 3931 1152 3980 altar
1164 3936 1261 3981 nostre
1275 3930 1385 3983 semitas
1397 3929 1575 3983 arnltnlamus.
1584 3930 1657 4000 lirgo
1668 3946 1769 4003 paratur

976 4016 1021 4070 isti
1033 4019 1108 4071 bone
1118 4019 1331 4073 cortvorsationiv
1341 4033 1409 4088 peno
1419 4020 1444 4073 in
1454 4020 1534 4073 ulinm
1545 4027 1649 4086 partem
1660 4023 1768 4077 inerms

976 4104 1086 4174 dilapsi,
1102 4112 1210 4175 quaudo
1228 4108 1279 4161 sub
1296 4108 1451 4176 ingratitndi
1471 4109 1584 4164 eonimi
1604 4109 1769 4164 vrlemnnn

975 4194 1055 4268 245
1072 4198 1160 4265 impiis
1176 4206 1248 4252 tanta
1263 4200 1384 4254 concedi.
1403 4200 1434 4254 lit
1449 4202 1554 4270 respice
1569 4201 1633 4269 aeia
1654 4219 1721 4273 pene
1732 4207 1769 4274 ef·

976 4291 1047 4348 fusor
1065 4287 1131 4341 dcit
1153 4303 1253 4357 gretser
1274 4303 1354 4354 sitos,
1379 4305 1431 4345 noo
1453 4292 1558 4359 lapsos;
1580 4300 1610 4345 ut
1631 4293 1769 4362 intelligar

976 4381 1094 4447 rigorem
1111 4381 1209 4433 rrtctrtis
1230 4385 1328 4434 trtistrue
1349 4393 1474 4450 tanguam
1498 4382 1628 4450 lintriduro
1644 4385 1768 4440 cleuren·

939 4475 1033 4534 otum
1044 4471 1161 4541 dispergi
1179 4488 1273 4542 posse,
1289 4489 1350 4529 cnm
1365 4490 1379 4528 a
1396 4490 1457 4529 vern
1472 4491 1521 4546 rog
1534 4477 1637 4532 tatione
1653 4492 1718 4546 coep
1736 4479 1769 4532 rit

976 4562 1141 4632 discrepare.
1155 4563 1230 4619 Uutle
1244 4565 1418 4635 intelligimus
1433 4576 1459 4620 et
1471 4567 1571 4622 sartrtia
1585 4569 1654 4623 viris
1667 4572 1768 4640 rogita·

977 4660 1062 4708 ttones
1073 4667 1170 4722 pravas
1184 4653 1336 4724 trequentes
1348 4655 1501 4724 surripere,
1513 4657 1560 4712 sed
1573 4656 1672 4713 iterum
1688 4659 1716 4713 in
1727 4674 1768 4712 aa·

976 4746 1087 4800 nitatem
1109 4746 1248 4815 pristinam
1268 4760 1316 4800 ens
1330 4749 1446 4817 reverti,
1460 4749 1597 4818 qnandoa
1613 4749 1768 4820 oernedpsit

975 4837 1075 4892 luerint
1087 4839 1220 4904 celeriter,
1237 4838 1352 4894 Dourion
1367 4855 1383 4910 p
1398 4852 1520 4908 restante,
1535 4842 1663 4898 correcti.

1011 4928 1088 4983 Veri.
1103 4932 1131 4984 3.
1155 4929 1221 4994 Quin
1234 4931 1315 4983 aeluri
1329 4932 1356 4985 ιι
1371 4932 1554 5001 peccatoribus,
1573 4950 1664 5002 parcan
1679 4951 1713 5006 pe
1722 4953 1767 4989 ro·

973 5027 1060 5072 torum
1070 5019 1167 5074 videns.
1183 5021 1279 5076 Secuta
1292 5031 1335 5076 est
1349 5037 1428 5077 eausa
1442 5038 1490 5077 cnr
1500 5037 1610 5094 gressus
1620 5023 1680 5095 ejus
1694 5027 1766 5080 vidc-

974 5121 1067 5166 rentur
1081 5111 1201 5177 edundi,
1218 5115 1278 5182 quia
1305 5116 1489 5183 peccatoribus
1509 5117 1550 5171 sic
1573 5116 1624 5172 luit
1648 5119 1764 5188 invidus,

974 5212 1004 5255 ut
1016 5216 1062 5256 eos
1076 5204 1195 5272 grauiter
1208 5203 1291 5260 lerret
1310 5207 1427 5275 quietos.
1450 5207 1665 5279 Dincougruanr
1680 5213 1765 5266 reltrrn

975 5291 1094 5347 invidero
1109 5294 1243 5361 perituris,
1258 5305 1283 5349 et
1298 5310 1344 5350 eos
1357 5307 1451 5366 putare
1466 5299 1569 5365 lelices,
1580 5317 1652 5370 quos
1665 5312 1765 5358 aeterna

974 5392 1075 5435 certum
1101 5394 1143 5436 cst
1167 5383 1338 5442 damnatione
1362 5390 1483 5456 percelli.
1512 5389 1653 5460 Serpnitvtr,
1679 5408 1765 5460 mot

975 5481 1135 5538 percnmrrtm
1148 5473 1245 5527 uidene.
1271 5473 1372 5531 Revera
1386 5480 1447 5546 quia
1465 5494 1518 5548 poa
1532 5479 1582 5535 ista
1599 5497 1655 5538 uon
1669 5483 1762 5538 intelli·

971 5563 1052 5629 gitur,
1069 5562 1115 5616 sed
1132 5563 1244 5628 ridetur,
1260 5576 1385 5634 aspectus
1404 5583 1510 5624 nostros
1523 5571 1650 5641 eludens,
1672 5577 1721 5631 scil
1740 5577 1767 5630 in

972 5665 1019 5707 ana
1033 5667 1098 5709 neoc
1110 5655 1300 5720 grandescens.
1319 5657 1386 5715 ttann
1395 5673 1457 5717 cunr
1469 5671 1630 5728 peccatores
1643 5668 1768 5724 videntur
