3794 6128
173 277 225 335 sta
608 286 790 347 aarostrto
812 292 844 347 th'
865 291 1210 351 esturnellorum.
1233 295 1370 352 Lxxl'lll.
1762 301 1813 359 art

173 396 267 452 laelcm
283 398 397 468 psalmi,
412 416 472 458 cnm
486 403 570 459 forma
587 406 668 474 ipsius
685 422 813 474 etpresa
833 408 910 463 luserit
929 407 969 461 di·
984 411 1006 467 Α
1021 418 1171 475 procreata.
1191 408 1224 464 lu
1239 412 1427 481 hereditatem,
1443 412 1589 471 Jerusalem
1604 416 1751 486 signifieat,
1767 417 1812 473 ubl

175 490 279 544 ationis.
294 491 462 563 Quapropter
473 495 512 551 sic
529 512 575 565 pro
591 497 647 552 suis
658 497 761 554 delictis
776 498 902 568 expulsos
918 498 970 552 llo·

175 583 277 650 treas,
293 595 322 639 et
334 587 503 643 intromissos
517 590 614 644 asserit
627 590 807 655 Christianos,
827 599 857 645 ut
872 591 968 644 nutrius·

174 687 223 740 que
249 674 318 744 legis
336 675 513 732 intentionem
537 680 612 748 quasi
632 681 657 733 in
678 680 756 734 utrius
778 679 878 736 laceret
899 681 968 738 hotri

174 764 270 819 decore
286 765 415 834 pertdere.
436 768 564 822 Amemus
578 784 641 837 ergo
660 772 837 845 prolixitatem
852 771 926 840 eins,
941 770 969 825 in

173 868 224 920 qtto
245 853 310 908 dum
327 854 439 910 historia
462 856 592 923 retertur,
613 860 678 914 Noui
697 861 860 917 Testamenti
883 861 969 930 gruta

173 949 327 1004 declaratur
340 966 348 1005 z
363 966 438 1006 more
451 951 541 1022 abyssi
556 954 721 1016 fluctuantis,
739 969 799 1021 quae
814 964 852 1008 tot
868 953 968 1008 lorraine

173 1038 258 1092 reddit
272 1047 338 1110 quot
353 1048 491 1096 tremores
509 1042 637 1098 effecerit.
658 1044 735 1097 llotlo
750 1044 822 1098 enlm
838 1043 875 1097 ibi
888 1043 967 1097 clari·

172 1141 211 1183 tus
224 1131 335 1201 lampat,
348 1133 429 1187 muido
441 1134 592 1190 umbratilis
605 1136 690 1204 imago
700 1134 890 1199 ciretnnroiat,
904 1143 931 1188 et
942 1133 968 1187 iu

1021 506 1080 552 erat
1100 501 1234 555 hareditas
1251 503 1297 558 bei
1313 506 1451 561 bisanciis
1472 508 1625 564 hominibus
1644 511 1785 566 constitute
1803 528 1811 565 :

1020 590 1107 656 qrralis
1127 592 1176 645 luit
1190 591 1363 657 llatltathias,
1373 595 1499 663 Eleazar,
1514 609 1616 667 septem
1639 599 1734 657 iratres
1748 616 1811 657 euru
1837 619 1841 625 ·

1019 689 1110 731 sarreia
1124 689 1225 746 matre,
1238 691 1329 750 quates
1343 684 1448 738 luerunt
1458 687 1538 752 mille,
1552 689 1607 757 qni,
1622 704 1656 744 ne
1669 691 1809 746 sabbatum

1021 768 1166 834 violarent,
1182 786 1275 827 omnes
1295 787 1325 827 se
1344 775 1414 842 passi
1435 788 1497 832 sunt
1519 778 1552 832 ab
1572 780 1692 836 hostibus
1710 783 1808 849 qnietis

1020 860 1142 914 manibus
1167 862 1292 929 interire,
1319 875 1345 919 ct
1371 868 1459 920 ueteri
1487 883 1553 939 qnos
1578 871 1672 926 trotitia
1698 873 1808 928 utirrime

1019 952 1232 1019 comprehendit.
1261 955 1386 1022 Addidit,
1406 964 1495 1023 trram,
1518 969 1546 1013 ut
1559 962 1687 1018 erteitaret
1709 964 1809 1032 judicis

1018 1044 1136 1097 artiorem
1170 1055 1261 1099 eontra
1300 1048 1466 1104 adversarios
1503 1054 1695 1109 truculentos:
1718 1057 1810 1111 dieras

1019 1145 1066 1187 eos
1088 1133 1183 1188 senisse
1201 1136 1233 1188 ad
1248 1135 1383 1192 laesionem
1399 1138 1454 1206 rei,
1471 1155 1529 1209 quae
1544 1142 1576 1194 ad
1588 1141 1705 1212 judicem
1728 1150 1810 1214 perti·

173 1219 264 1275 erdem
279 1220 414 1276 elemertto
432 1222 556 1278 ridentur
573 1240 633 1279 esse
647 1226 735 1287 saria,
750 1239 811 1278 cum
826 1225 894 1277 nihil
913 1224 970 1278 illie
1019 1224 1109 1279 nebat.
1124 1225 1187 1280 llree
1199 1214 1413 1285 oratores'iatius
1425 1231 1584 1299 copioseque
1597 1232 1735 1301 dixerunt,
1749 1251 1809 1290 curn

173 1309 269 1364 eoloris
292 1312 417 1378 accedat,
439 1328 489 1368 nee
508 1313 625 1369 recedat.
645 1315 688 1367 sic
710 1315 803 1382 psalmi
824 1313 904 1384 lrrtjos
923 1313 970 1366 ad·
1019 1314 1338 1371 adversariissuisodium
1351 1318 1438 1374 lacere
1452 1322 1633 1389 irrt’idiamque
1648 1324 1808 1380 niterentur.

175 1404 291 1458 nriranda
309 1406 453 1462 diuersitas
470 1416 497 1462 et
511 1407 648 1462 historiam
665 1415 772 1474 narrat,
787 1417 814 1462 et
827 1406 906 1476 longo
917 1407 969 1459 alia
1057 1404 1166 1460 voret.
1176 1405 1406 1476 coinquinaverunt
1418 1413 1539 1481 tentplum
1548 1424 1662 1468 sanctum
1672 1424 1754 1481 tunrrr,
1764 1433 1810 1483 pa·

176 1510 230 1563 qua
248 1497 423 1564 spiritualiter
451 1501 608 1565 sentiantur,
631 1499 757 1554 insinuat.
773 1497 854 1565 Cujus
876 1497 970 1551 simili·
1018 1505 1121 1548 tuterunt
1134 1494 1278 1551 Jerusalem
1291 1500 1356 1553 vetut
1369 1517 1500 1570 pernarum
1512 1506 1703 1562 crastodinrr'nm.
1720 1508 1810 1579 Aptis-

177 1588 291 1643 tudiuem
309 1592 474 1644 centesimus
487 1601 597 1659 quartas
613 1605 718 1662 quoque
739 1591 857 1660 psalmos
876 1590 969 1643 subse·
1018 1585 1086 1641 sinte
1111 1599 1204 1643 saneto
1227 1590 1283 1642 uiro
1302 1592 1397 1646 sacrati
1422 1595 1512 1662 templi
1534 1597 1606 1663 prius
1629 1602 1747 1654 occurrit
1768 1599 1808 1654 io-
1847 1650 1853 1659 ,

175 1680 266 1747 struitur.
284 1680 317 1734 Et
336 1680 406 1736 sient
421 1679 448 1735 in
464 1681 545 1735 [sarid
567 1683 669 1737 actibus
687 1681 856 1735 declarantur
879 1680 965 1733 bomi·
1017 1674 1084 1743 iuria
1102 1694 1108 1728 :
1125 1687 1152 1730 ut
1169 1679 1219 1732 ltoe
1233 1680 1302 1733 iuter
1317 1671 1390 1734 initio
1408 1682 1537 1749 dederet,
1553 1688 1621 1756 quod
1644 1689 1676 1742 ad
1690 1689 1808 1745 divinam

177 1771 199 1822 ui
212 1771 298 1823 luttrra
312 1772 457 1840 negatoria,
474 1771 508 1825 ita
529 1782 556 1827 et
572 1788 619 1841 per
639 1772 766 1826 miracula
789 1786 848 1836 quan
866 1769 966 1825 ludaeis
985 1763 1006 1821 il
1020 1775 1129 1819 triuerat
1143 1769 1329 1823 coutumeliam
1346 1771 1488 1840 pertinere.
1505 1775 1749 1848 eosnqutnuoouna,
1764 1778 1808 1833 dr·
1834 1785 1843 1793 '

176 1875 298 1916 concessa
322 1870 401 1926 sunt,
426 1861 572 1918 Christiani
596 1864 684 1932 populi
708 1873 875 1917 sacraruenta
898 1876 965 1952 pan·
1015 1860 1068 1921 ait,
1086 1861 1238 1929 polluerunt
1253 1881 1259 1916 :
1274 1867 1398 1932 quioniam
1414 1867 1460 1922 iilo
1474 1878 1592 1939 tempore
1607 1887 1659 1925 non
1675 1883 1714 1927 est
1728 1888 1807 1929 euer-

174 1953 276 2008 domur.
1014 1963 1072 2002 sum
1093 1952 1272 2006 sanctuarium
1293 1953 1412 2021 batarini,
1426 1957 1472 2011 sed
1485 1959 1572 2028 impius
1585 1968 1680 2029 gentes
1700 1962 1725 2016 iu
1744 1977 1807 2017 san-

276 2044 458 2103 Expostpto
476 2046 510 2102 qt
530 2045 692 2102 psopttttqt
718 2045 856 2101 Lxxvut,
1013 2039 1138 2094 atissintis
1150 2040 1214 2095 locis
1224 2042 1485 2100 simulacranelaoda
1496 2052 1700 2119 praesumptione
1712 2066 1805 2123 posue·

451 2137 679 2207 Ptotmotqtopt,
855 2141 858 2146 ·
1013 2138 1089 2194 ιιιιιι;
1116 2138 1143 2182 ut
1166 2130 1210 2184 arbi
1234 2133 1369 2189 eolelratnr
1395 2137 1628 2203 rerusbeus,ibi
1651 2141 1805 2199 immundus
1865 2201 1871 2215 ,

203 2227 276 2284 Sicut
291 2243 365 2297 σῶμα
378 2229 567 2291 dixitnus‚ltaec
580 2228 653 2301 [φάη
666 2227 727 2300 hig]
746 2228 901 2299 significatio)
916 2245 960 2286 110.
1012 2217 1168 2272 adoraretur
1188 2219 1307 2286 spiritus
1323 2221 1368 2277 Sic
1381 2223 1452 2278 enim
1465 2225 1498 2280 (it)
1511 2226 1643 2282 Antiocho
1656 2231 1682 2283 ih
1698 2231 1806 2287 blacha-

171 2319 244 2374 tuinis
259 2320 294 2375 ad
309 2332 386 2376 actus
404 2322 463 2374 illos
478 2323 592 2390 pertinet
605 2322 649 2389 qui
669 2322 701 2375 ad
718 2323 840 2376 rurandata
857 2321 962 2376 Domini
1012 2309 1130 2365 blisum
1151 2312 1219 2367 fibffl
1238 2313 1334 2382 ¹³8in
1349 2331 1357 2368 ²
1373 2313 1454 2370 Μ’(
1472 2319 1630 2388 θθῑιῑιιῖιαῑῑ
1649 2331 1753 2387 ‘ancias
1778 2332 1804 2377 θ’

170 2412 334 2483 mumque
346 2413 507 2469 referuntur,
521 2412 609 2484 ,agapit
624 2427 687 2468 oet-0
699 2413 831 2483 significat
844 2413 962 2484 synago.
1011 2413 1126 2456 sonetum
1137 2405 1260 2472 papulum
1276 2402 1373 2471 israel,·
1380 2408 1460 2478 jussit
1470 2411 1594 2479 (edificari
1603 2429 1662 2466 arus
1675 2425 1699 2467 et
1710 2415 1805 2485 templo

169 2517 235 2570 gam,
248 2519 310 2573 qum
323 2490 411 2559 nmen
425 2504 563 2560 eatiroliete
574 2506 717 2560 eatnventre
729 2505 813 2574 possit
823 2505 959 2559 Ecclesiae.
1005 2500 1036 2552 ss
1048 2492 1134 2558 idm,
1146 2503 1173 2546 ¹⁴¹
1187 2494 1346 2549 idtmtlissredl
1361 2512 1449 2552 milet
1462 2499 1553 2554 miliat
1564 2498 1599 2572 (Ι
1615 2501 1702 2557 Masi·
1719 2520 1742 2566 ¹.
1758 2506 1804 2568 iii.

169 2592 256 2661 liotore
278 2593 353 2648 enirn
374 2593 533 2651 Christianis
556 2596 636 2651 alieni
661 2595 787 2651 credendi
813 2605 890 2660 strat,
915 2597 961 2665 qui
1011 2582 1279 2653 5⁰isel‘1·Sfflll¹i²¹¹l
1297 2585 1501 2644 dolendanimis
1515 2589 1681 2660 etiojuriosa
1697 2608 1805 2663 compa-

167 2683 257 2749 gntiae
274 2682 549 2738 doottojoaeotorttoto
561 2685 699 2740 torserunt,
715 2685 791 2741 Aduo
803 2686 960 2761 prophotas,
1012 2677 1102 2729 ratio:
1118 2674 1261 2729 Potuerunt
1279 2674 1421 2732 Jerusalem
1434 2681 1500 2732 uelut
1519 2697 1650 2751 potatorum
1670 2685 1803 2738 crassantu-

168 2772 332 2839 patrtorottos
349 2784 377 2830 ot
400 2775 526 2844 poputum
548 2776 621 2830 ntum
637 2775 693 2846 jam
711 2776 818 2838 Christo
836 2778 960 2832 devotum
1010 2768 1088 2821 sinan.
1102 2766 1178 2833 Quod
1190 2767 1404 2824 schemadicirur
1415 2770 1557 2838 parabole,
1574 2774 1679 2840 quando
1695 2790 1737 2830 res
1752 2778 1803 2832 sibi

169 2875 227 2918 suto
250 2875 373 2934 temporo
395 2865 557 2922 citttstiooo,
573 2866 621 2920 Eut
642 2882 705 2936 orgo
724 2877 751 2922 ot
775 2868 824 2922 toto
844 2868 960 2935 psalmus
1010 2872 1109 2927 genere
1122 2857 1263 2914 dissimiles
1277 2870 1478 2927 eorrrparantur.
1494 2860 1656 2917 Custodiaria
1673 2866 1802 2936 siquidum

170 2960 236 3008 murts
260 2954 289 3009 in
310 2956 500 3012 lamentantem
519 2956 638 3026 positos,
661 2959 728 3012 sicot
752 2967 780 3012 ot
798 2959 959 3026 soptoogost.
1011 2964 1144 3016 pomorum
1158 2949 1283 3004 dicuntur
1297 2951 1417 3020 tugttria,
1430 2967 1489 3020 qum
1502 2952 1552 3007 sibi
1567 2954 1706 3009 hortorum
1719 2957 1805 3010 eulto·

172 3057 225 3099 nus
244 3045 364 3111 tertius,
379 3046 424 3115 qui
441 3046 528 3101 lutura
544 3056 661 3116 tempora
679 3048 752 3102 uelut
768 3049 898 3116 protento
913 3048 959 3102 oo.
1011 3052 1054 3090 res
1069 3038 1100 3090 ad
1111 3038 1295 3107 depellendam
1306 3042 1372 3096 solis
1382 3039 1523 3111 injuriam,
1535 3052 1562 3098 et
1572 3044 1604 3098 ad
1615 3046 1803 3103 custodiendas

174 3134 266 3203 plorat,
283 3147 310 3191 et
326 3147 434 3206 propter
446 3137 572 3192 duritiam
585 3137 674 3192 cordis
688 3137 729 3192 sui
751 3140 823 3208 genti
841 3140 957 3207 graviter
971 3111 995 3176 c
1010 3126 1097 3182 sillum
1114 3128 1249 3198 illilii'ssbds
1267 3144 1361 3186 manus
1380 3130 1518 3188 it'otttiibtts
1532 3134 1656 3205 liscisque
1670 3135 1744 3208 [ed.,
1760 3138 1802 3193 it)-

177 3224 331 3298 abigendae,
356 3229 462 3297 pietatis
486 3228 574 3284 studio
600 3237 724 3300 precatur
744 3227 879 3284 citriorum
905 3227 958 3284 tto.
1008 3218 1122 3292 hisque]
1136 3222 1332 3285 communiuntt
1351 3238 1410 3293 qnae
1428 3239 1488 3278 mor
1502 3234 1531 3279 ut
1545 3241 1683 3295 patruorum
1695 3238 1800 3299 tempus

179 3318 267 3375 uuum
282 3320 437 3376 subvenite,
1008 3310 1186 3378 abscesserit,
1203 3321 1327 3380 tanquam
1343 3312 1445 3366 inutilia
1465 3313 1662 3385 derelinquunt.
1683 3318 1802 3388 Quapro-

456 3413 554 3469 Dioio'o
564 3412 668 3484 psalmi.
1008 3407 1426 3479 ptertorresquaeterosotymua
1439 3409 1700 3474 instrumentalem
1709 3411 1801 3481 teumli

222 3502 385 3572 Priusquam
399 3502 433 3558 de
445 3503 576 3559 diuisione
594 3506 729 3571 dieamus,
749 3515 855 3574 oportet
870 3517 958 3576 gosta-
1008 3502 1232 3571 palchritudinem
1248 3503 1408 3573 singularem
1427 3505 1465 3559 sie
1479 3504 1707 3575 contemptibilem
1724 3515 1801 3574 puta-

171 3597 220 3647 ἰιι
233 3610 326 3650 rerum
340 3594 457 3650 breviter
468 3595 602 3651 insinuare
614 3596 749 3662 auaritiam,
761 3606 791 3650 ut
801 3600 862 3650 dum
874 3613 953 3651 earrsa
1010 3600 1107 3644 uerunt
1117 3600 1241 3659 tanquam
1251 3593 1404 3647 casellulam
1417 3598 1573 3663 pomorum,
1586 3610 1644 3664 quae
1654 3595 1712 3650 vilis
1722 3604 1801 3663 atrtrte

164 3686 349 3750 trenntuttur,
376 3695 465 3743 textus
493 3688 587 3756 teatmt
612 3688 803 3757 intelligibilius
826 3689 956 3744 audiatur.
1009 3680 1133 3750 despecta
1151 3690 1282 3738 transacta
1302 3693 1395 3738 aestate
1413 3684 1555 3740 deseritur.
1576 3684 1653 3741 Unde
1673 3693 1700 3740 et
1720 3684 1816 3763 isaias·

156 3757 376 3833 &ababaeoruut
387 3779 464 3832 uobis
479 3780 655 3848 prinmsliber
670 3781 782 3834 insinuat
796 3780 954 3835 Antiochum
1009 3773 1090 3827 dicit:
1103 3772 1268 3842 Relinquetur
1277 3773 1333 3842 filia
1344 3774 1407 3830 Sion
1417 3777 1483 3829 salut
1493 3776 1670 3831 undraeuium
1681 3780 1708 3833 iu
1717 3778 1799 3842 mm,

151 3862 249 3935 'been
262 3884 326 3924 eum
337 3871 417 3940 272
429 3870 622 3940 lerosolymam
634 3871 761 3937 venisset,
779 3872 908 3927 hostiliter
919 3875 958 3928 el·
1008 3873 1033 3918 2²
1044 3865 1109 3916 ⁸5⁶¹st
1122 3865 1253 3932 indusium
1264 3865 1291 3916 5²¹
1305 3867 1499 3936 cucumerario(
1513 3865 1578 3921 ¹⁸⁰5·
1590 3883 1612 3936 ¹·
1625 3868 1641 3922 ⁸
1653 3868 1673 3935 i·

146 3946 242 4015 'itate
256 3959 356 4031 opibus
367 3962 497 4025 enudata,
513 3961 539 4014 in
553 3960 652 4029 temquo
668 3961 715 4017 bei
733 3961 803 4016 idatio
823 3964 953 4029 posuisse,
1044 3951 1121 4006 Vers-
1136 3951 1163 4004 3·
1184 3950 1329 4005 rosunum
1346 3953 1464 4008 mortalia
1478 3971 1607 4010 sertorum
1620 3967 1720 4011 tuarum
1730 3974 1800 4014 escas

141 4022 344 4119 ¹¹ehraeosquc
355 4049 417 4103 dum
428 4050 478 4104 diis
490 4051 546 4105 suis
558 4051 710 4105 sacrificare
721 4059 843 4120 cogeret,
860 4051 959 4106 multos
1007 4045 1152 4100 natatilibus
1162 4045 1233 4113 cali,
1243 4061 1333 4100 carnes
1347 4057 1494 4102 sanctorum
1505 4060 1606 4104 tutorum
1618 4051 1703 4107 hestiis
1715 4064 1798 4107 terrm

139 4128 295 4212 nartpres
306 4139 438 4196 effecisse.
452 4142 616 4210 Quatrropter
629 4142 713 4213 Asaph
725 4144 733 4214 (
743 4158 821 4211 quern
835 4142 953 4198 diximus
1009 4136 1152 4207 Postquam
1167 4137 1201 4192 de
1224 4137 1306 4191 diuini
1331 4139 1422 4206 tetrapli
1444 4150 1605 4209 corrqtrestus
1627 4150 1668 4196 est
1688 4143 1797 4212 injuria,

138 4219 306 4287 benooam
334 4241 439 4300 gesturo
462 4232 580 4288 utorium
606 4234 849 4302 populorumque
873 4244 957 4290 tritum
1007 4228 1122 4283 verritad
1135 4227 1272 4282 hominum
1282 4237 1419 4294 neees3ut
1428 4245 1475 4285 eos
1484 4245 1542 4300 post
1553 4233 1684 4305 sacrilegii
1695 4237 1799 4306 culpas,

136 4296 281 4394 ¹“quitum
294 4323 442 4391 psalronnt,
454 4325 482 4380 in
497 4324 580 4390 prima
592 4331 665 4392 parte
676 4323 848 4378 dinumerans
859 4338 956 4394 quanta
1009 4321 1146 4376 homicidii
1165 4332 1255 4376 reatus
1274 4333 1406 4392 argareret.
1424 4324 1470 4378 llis
1489 4334 1576 4380 tamen
1598 4326 1698 4398 aliquid
1713 4326 1799 4397 majus

136 4398 955 4485 'emporibusprredietiregisdurtiocblpertuleritis-rusa·
1008 4413 1150 4482 adjicitur‚
1176 4421 1205 4466 ut
1229 4412 1329 4468 erudeli
1359 4414 1524 4471 immanitate
1547 4418 1707 4483 trucidatos,
1737 4419 1801 4475 loris

135 4480 208 4563 ¹0·
226 4507 401 4575 propulsaque
415 4505 579 4561 ludaeorum.
594 4505 715 4561 Secunda
727 4518 801 4575 parte
815 4507 955 4564 homirnam
971 4480 1089 4558 Deliam
1119 4503 1264 4572 alrjiceront
1291 4502 1449 4574 insepultos.
1471 4509 1645 4578 Contemptus
1670 4509 1799 4580 siquidem

137 4592 235 4671 ‘ngat
250 4607 378 4666 utsupra
398 4607 520 4667 potentes
535 4598 656 4653 inimicos
671 4599 737 4651 iram
757 4612 813 4652 snae
832 4599 955 4667 indigna·
1007 4608 1151 4662 corporum
1167 4603 1333 4648 mortuoram
1354 4609 1406 4650 non
1422 4596 1455 4651 ad
1471 4611 1578 4665 parram
1594 4599 1709 4655 retertur
1732 4601 1801 4655 iuri-

135 4676 236 4745 limais
250 4686 381 4753 efformet,
394 4698 420 4741 et
432 4689 547 4755 peccatis
560 4703 696 4741 servorum
708 4703 818 4742 sutirum
833 4689 955 4758 dignetur
988 4684 1077 4767 *diam
1089 4681 1152 4753 [ms.
1166 4684 1215 4749 at,
1231 4683 1385 4773 irrisoriam'lt
1402 4701 1461 4740 nam
1475 4687 1497 4741 si
1511 4688 1626 4757 sepelire
1639 4697 1680 4744 est
1694 4686 1801 4758 pietatis

118 4774 212 4836 ,hoo
227 4779 376 4849 propitius.
393 4778 483 4834 Tertio
499 4780 644 4847 prometto
656 4780 751 4847 spiritu
768 4781 882 4847 postolat
897 4782 954 4834 virt.
1006 4775 1140 4838 oiilelum,
1155 4774 1299 4829 volatilibus
1309 4774 1365 4829 eoeli
1379 4775 1509 4845 abjicere,
1522 4794 1625 4847 magnae
1635 4778 1801 4834 erudelita·is

129 4860 240 4929 “tunt
256 4870 510 4940 nonoenurprtouts
521 4880 592 4936 voto,
610 4871 655 4923 sos
670 4871 842 4925 sarracenatos
853 4870 950 4926 studio.
1008 4866 1283 4933 corruuexonotnn.
1297 4866 1416 4921 breones
1428 4878 1534 4936 eutero,
1546 4885 1671 4922 surorum
1684 4879 1799 4931 aaaron,

426 4960 560 5028 Expositis
584 4960 686 5029 protriti.
1009 4967 1139 5026 martyres
1164 4957 1311 5025 signilieat,
1331 4959 1377 5027 qni
1402 4960 1427 5013 in
1455 4960 1498 5013 illa
1520 4961 1674 5030 captivitate
1694 4962 1800 5027 eopiosa

188 5054 273 5109 h'crs.
287 5054 313 5107 i.
325 5051 412 5117 Deus,
424 5063 544 5106 omnent
554 5063 641 5123 gentes
651 5053 677 5106 iu
688 5052 858 5106 hereditatem
871 5062 950 5106 tuaur.
1008 5049 1196 5115 persecutione
1219 5048 1380 5117 floruerunt,
1395 5052 1462 5107 sicut
1477 5051 1503 5106 in
1525 5052 1591 5108 libro
1606 5052 1663 5122 ipso
1683 5053 1777 5121 legitur
1793 5068 1799 5104 :

114 5126 287 5199 Quantus
302 5142 390 5211 longis
404 5151 466 5196 ante
483 5143 649 5211 temporibus
663 5142 745 5197 Dauid
758 5142 850 5203 luerit,
871 5158 949 5211 qoam
1008 5136 1088 5191 Multi
1103 5139 1134 5193 de
1148 5138 1241 5208 popula
1256 5136 1339 5193 lsrael
1352 5141 1528 5207 obtinuerunt,
1544 5152 1567 5195 et
1580 5143 1717 5212 confortati
1743 5150 1801 5195 mut

110 5224 203 5289 ἐι
229 5232 363 5287 existeret
384 5232 551 5295 Antiochus,
574 5233 664 5287 ornnia
681 5243 776 5286 tanuen
802 5247 877 5288 utare
901 5248 950 5286 sort
1004 5225 1034 5282 in
1058 5230 1110 5296 cis,
1135 5236 1164 5280 ut
1186 5245 1237 5281 non
1258 5229 1600 5296 attrutincarentimmunda,⁸
1625 5241 1649 5286 et
1670 5232 1800 5302 ehgmnnt

104 5316 233 5377 'ussi
256 5331 390 5378 trartsacta
409 5323 505 5390 relert,
522 5338 585 5391 queo·
596 5322 695 5391 Spiritu
717 5331 811 5376 satteto
833 5322 950 5390 repletus
1003 5320 1069 5372 mori
1092 5319 1173 5388 magis
1195 5336 1273 5390 qnam
1295 5319 1357 5374 cibis
1379 5337 1395 5374 a
1414 5319 1525 5376 Dantins
1538 5323 1620 5377 uetitis
1640 5321 1801 5392 coinquinari

104 5404 321 5472 Dv-auuehat
331 5431 391 5471 esse
404 5419 526 5472 renthra.
539 5416 606 5470 lline
619 5416 739 5484 estquod
750 5418 837 5487 asaph
849 5417 952 5472 dellens
1002 5407 1013 5476 i
1026 5407 1039 5461 l
1056 5407 1143 5461 baca.
1159 5425 1183 5475 ι,
1198 5410 1232 5465 os
1244 5407 1265 5478 ).
1286 5409 1424 5479 Sequitur,
1440 5427 1527 5466 earnes
1541 5420 1686 5466 sanctarum
1700 5420 1802 5466 tuorum
1836 5424 1843 5437 ·

104 5494 245 5561 “natta
259 5505 391 5561 clamabat
403 5508 436 5559 ad
453 5505 595 5560 birotinum
612 5523 618 5557 :
638 5504 765 5558 Venenum
778 5515 877 5576 gentes,
894 5515 951 5559 tau-
1004 5502 1089 5555 bestiis
1109 5509 1193 5554 tura.
1212 5499 1269 5555 Una
1295 5518 1338 5559 res
1357 5503 1454 5573 duplici
1472 5509 1600 5559 varietate
1624 5502 1801 5570 describitur,

104 5586 304 5666 'warjana
317 5595 951 5666 nruroterumperent,etiorrnidatacaptititas
1004 5603 1034 5650 ut
1056 5593 1197 5648 diuersitas
1222 5595 1339 5651 erudelis
1364 5595 1424 5652 iacti
1447 5597 1565 5652 auditum
1594 5596 1678 5668 possit
1703 5596 1801 5667 judicis

106 5682 291 5743 ‘tanatum
310 5686 378 5742 Gens
398 5687 468 5743 entim
488 5688 559 5743 dieta
573 5697 629 5755 est,
648 5687 719 5756 quod
734 5702 787 5743 uno
801 5687 837 5743 sit
852 5702 952 5756 genere
1004 5700 1165 5756 exaggerare
1190 5686 1313 5756 piissimi.
1339 5688 1397 5744 Non
1420 5691 1491 5747 eninr
1517 5688 1659 5748 suffocent
1679 5699 1799 5746 utortuos
