3794 6128
123 205 189 260 llil

576 209 757 266 exrostrto
776 207 807 262 tri
828 201 1052 260 essttthtttt.
1075 203 1167 259 esst..
1189 202 1303 258 ettttt’.

1682 209 1752 265 1021

122 316 219 383 legitor
229 312 288 369 alu
300 315 403 371 marma
426 318 483 388 ejus
504 318 566 372 onai
588 320 660 384 uite,
682 319 710 372 iu
734 318 836 371 sinistro
855 318 912 384 ejus
925 313 951 372 A
964 313 1105 366 virtutihus
1119 314 1143 367 in
1159 313 1200 366 his
1213 324 1315 382 septem
1331 312 1439 382 psalmis
1453 315 1625 382 sequentibus
1637 318 1750 373 mirabi-

121 407 218 459 tlira'tioe
232 417 257 460 et
271 408 354 480 plocio
370 407 460 478 (Pron.
476 424 515 475 ιιι,
531 410 584 478 ld).
602 411 746 463 hudiamus
762 421 832 460 nuuc
846 405 908 474 quid

121 494 228 549 dicator
241 496 274 551 de
289 497 364 550 turha
381 499 498 553 fidelium
513 514 520 552 :
538 498 631 553 Beatos
652 501 762 568 popalus
781 499 855 568 cnjus
874 506 910 549 est

121 581 250 639 Dominus
266 585 411 659 Deurcy'us.
433 589 495 643 Post
523 590 594 644 illam
622 591 773 644 irrisionem
796 605 855 658 qum
876 589 910 642 de

121 676 261 729 sceleratis
283 676 350 731 lacta
370 688 420 741 est,
442 681 515 734 seuit
536 679 569 733 ad
595 679 738 748 procuratio
761 677 908 743 sapientiae,

122 761 176 817 hoc
194 773 236 818 est
250 765 283 820 ad
297 782 389 820 rocem
406 769 489 836 ipsam
503 769 678 823 sanctissimae
694 768 823 823 recitatis.
841 767 909 820 Deh-

122 851 163 903 nit
184 851 255 905 enim
276 855 405 907 ueraciter
424 857 468 921 arri
488 856 523 910 sit
543 857 628 910 heatus
648 856 777 926 populas,
796 855 909 915 scilicet,

122 941 199 1000 caios
211 951 247 995 ert
260 940 383 997 Dominus
398 943 466 999 Deus
477 948 541 1010 cius.
564 947 692 1011 Dicendo,
712 949 787 1018 cujus
808 955 844 998 cst
859 944 911 999 Do·

122 1035 220 1099 minos,
236 1044 344 1088 sanctos
365 1035 437 1091 riros
456 1037 598 1108 significat,
616 1048 642 1091 et
657 1036 788 1106 probabili
802 1053 832 1090 se
846 1051 911 1089 con·

123 1122 275 1178 versatione
287 1131 440 1179 tractantes.
458 1125 563 1180 illorum
575 1129 645 1181 enim
658 1128 785 1181 Dominus
800 1141 851 1179 raon
869 1123 909 1180 di·

123 1211 204 1277 citur,
225 1212 268 1280 qui
285 1211 342 1281 ejus
363 1229 527 1282 nequaquam
552 1214 784 1283 predicationibus
805 1214 912 1282 acquie-

123 1307 213 1356 scunt.
230 1300 280 1370 lpsi
301 1303 371 1356 cuim
387 1302 527 1373 Dominum
543 1305 643 1360 bahent
661 1306 810 1371 Christum,
825 1305 869 1374 qui
884 1312 911 1358 et

123 1391 184 1456 ejus
202 1392 272 1446 serri
297 1395 449 1460 specialiter
462 1407 659 1465 nuncupantur.
672 1396 780 1451 Addidit
792 1409 909 1465 quoquc,

123 1476 196 1532 Deos
207 1482 272 1551 rjus,
284 1481 310 1535 id
324 1493 363 1535 cst
374 1483 468 1551 quihus
477 1486 607 1555 propitios
619 1501 679 1540 esse
689 1485 822 1556 dignatur.
834 1485 911 1553 Saepe

124 1567 196 1620 enim
211 1569 251 1621 sie
265 1569 378 1638 legimus
392 1587 406 1623 a
421 1572 543 1628 fidelibus
558 1575 658 1629 dictum
674 1592 681 1627 τ
705 1574 772 1628 Dent
785 1590 867 1639 utens,
888 1581 911 1626 ct

961 403 1022 456 liter
1035 403 1210 469 explicantur.
1227 403 1344 470 Quorum
1360 405 1510 471 proprietas
1526 407 1551 459 io
1566 407 1621 461 suis
1636 409 1744 461 concta·

960 495 1078 546 sionibus
1094 493 1173 562 (sicut
1189 493 1287 546 luctum
1304 503 1343 547 est
1360 503 1385 546 ct
1402 495 1427 547 iu
1445 497 1669 567 praecantatum)
1685 514 1749 564 ape·

960 584 1039 637 ritur.
1065 583 1119 636 Nec
1134 596 1211 636 uacat
1226 584 1295 650 quod
1311 584 1353 638 hic
1367 596 1519 650 reptet-aro
1533 602 1644 639 nurnero
1658 590 1749 640 lauris

961 672 1066 726 Domini
1088 673 1296 738 concluduntur,
1320 674 1389 742 quod
1411 676 1593 741 poeaitentiam
1617 677 1750 728 conlrssio

960 766 1006 819 toli
1027 764 1131 819 calculo
1146 774 1320 834 praenotatur,
1344 766 1413 834 qood
1434 766 1490 832 ipse
1506 768 1619 830 Spiritus
1632 779 1749 820 sanctus

960 855 1110 922 septenaria
1127 855 1223 909 tirttrte
1240 854 1399 922 praedicatus
1417 866 1458 908 est
1474 873 1481 909 r
1498 857 1561 909 illud
1578 856 1687 909 innitar
1706 860 1730 910 in

960 943 1052 998 dicans
1066 953 1275 1007 sacramentum,
1291 945 1397 1012 quando
1412 944 1494 1014 lloysi
1509 945 1636 999 btrrrrrnus
1651 962 1750 1012 praa·-

960 1034 999 1105 pit
1014 1042 1042 1086 ut
1057 1035 1082 1086 in
1098 1034 1269 1086 tabernaculo
1285 1049 1333 1086 stro
1349 1043 1451 1100 septem
1468 1035 1589 1087 lucernas
1603 1049 1696 1101 appan·
1709 1050 1749 1089 ret

961 1133 1092 1195 perpetuo
1112 1124 1212 1177 lumine
1224 1121 1343 1176 lucentcs
1358 1121 1456 1194 (Eroti.
1472 1139 1538 1187 arv,
1552 1124 1608 1190 57).
1623 1122 1674 1177 Sed
1689 1139 1748 1175 curta

962 1214 1025 1269 nilril
1040 1216 1065 1268 in
1078 1213 1226 1281 Scriptttris
1239 1212 1336 1266 divinis
1351 1213 1477 1281 probetur
1491 1216 1617 1280 otiosum,
1630 1216 1746 1268 maritae

962 1307 1066 1362 liebrcci
1082 1305 1214 1375 alphabeti
1242 1303 1323 1375 487
1352 1304 1472 1357 ordinem
1488 1313 1515 1358 et
1531 1304 1574 1359 hie
1589 1320 1640 1358 non
1657 1305 1748 1359 ineas-

962 1413 1020 1454 sum
1042 1398 1158 1451 arbitror
1173 1411 1220 1464 per
1241 1410 1366 1448 uersuum
1381 1394 1468 1460 capita
1483 1394 1652 1457 custoditum,
1671 1409 1748 1462 qrretu

963 1489 989 1542 in
1004 1488 1108 1542 duobus
1130 1485 1272 1553 generibus
1298 1484 1434 1539 bantinum
1457 1485 1483 1538 in
1508 1486 1751 1553 vigesimaquarta
1820 1507 1823 1514 ·

964 1580 1066 1648 psalmo
1082 1578 1197 1631 diximus
1211 1575 1405 1643 accipiendum.
1423 1573 1488 1630 Nam
1504 1592 1563 1630 cnm
1580 1581 1641 1630 totis
1657 1577 1751 1631 litteris

124 1653 252 1709 Dominio
264 1674 334 1712 mcor
346 1658 433 1730 (loeti.
449 1677 494 1724 rr,
508 1662 565 1728 28).
581 1663 646 1717 Nam
661 1665 684 1719 si
694 1679 742 1718 nos
765 1665 836 1720 serui
852 1665 909 1735 rjus
926 1664 1120 1740 Dcxplicatur.
1143 1670 1230 1736 iustos
1250 1669 1384 1736 designat,
1400 1667 1494 1734 quihus
1516 1668 1586 1720 trulla
1603 1670 1685 1721 uirtus
1705 1684 1751 1735 per

123 1742 231 1815 integre
249 1746 374 1815 dicimur,
392 1751 436 1804 ille
453 1754 577 1807 Dominus
592 1763 684 1809 noster
698 1754 830 1808 ueraciter
844 1770 913 1806 nnn·

123 1844 250 1917 cupatur.
263 1837 412 1917 stuprum
425 1844 514 1897 arrhis
528 1845 596 1898 heati
614 1846 702 1914 populi
723 1845 842 1901 dehnitio
860 1845 913 1914 ple·

123 1926 363 1985 nissimmitate
374 1931 506 1998 completa
519 1943 571 1988 est.

395 2040 532 2097 Conclusio
546 2045 647 2114 psoluti.

175 2146 357 2218 Triumphalis
379 2153 486 2222 quidem
512 2157 630 2224 psalmus
653 2157 757 2213 auditus
783 2169 839 2228 est;
867 2158 915 2215 sed

126 2238 269 2293 rideamus
283 2258 336 2310 qrro
352 2248 483 2312 pertineat
497 2244 546 2301 ista
563 2248 672 2302 rictoria
687 2265 746 2317 quae
763 2252 915 2321 specialiter

125 2331 161 2382 ad
190 2330 387 2389 similitudinem
412 2337 540 2393 Ecclesiae
568 2351 672 2397 constat
695 2358 756 2398 esse
786 2344 913 2411 perlecta.

126 2419 194 2472 Narn
216 2421 277 2475 licet
293 2440 338 2493 per
358 2426 436 2480 istum
458 2440 579 2484 sunctum
593 2437 678 2485 cirum
693 2434 778 2490 multa
789 2433 916 2488 bantinus

126 2511 264 2581 religionis
278 2529 333 2571 suae
353 2529 518 2574 sacramenta
544 2525 744 2589 monstraverit,
761 2525 812 2578 ltoe
827 2536 915 2578 tamen

127 2604 267 2658 euidenter
280 2605 312 2660 ad
329 2622 429 2678 pugnas
444 2608 569 2664 Ecclesiae
582 2610 768 2679 declarandas,
782 2627 847 2682 quas
862 2614 917 2679 spi·

127 2692 262 2746 ritualiter
286 2699 394 2762 paritur,
420 2699 547 2764 probatur
570 2699 710 2764 ellectum;
734 2711 763 2755 ot
791 2701 917 2768 pastoraii

130 2791 206 2848 petra
221 2785 352 2851 superbus
364 2788 481 2852 caderet,
495 2804 553 2842 cum
568 2803 598 2844 se
611 2791 705 2844 uirium
721 2806 829 2845 suarum
851 2807 917 2859 pras·

129 2871 282 2938 sumptione
292 2873 415 2941 jactaret.
428 2864 593 2946 Quapropter
605 2880 741 2948 exemplar
752 2880 822 2933 istud
837 2883 918 2935 totius

131 2957 194 3013 lidei
209 2964 346 3031 gravidum
363 2965 513 3034 lrtrjusurodi
528 2969 657 3023 debemus
678 2967 921 3037 accipere.Goliatlr

130 3053 164 3105 sd
182 3053 316 3108 diabolum
328 3056 459 3124 pertineat
482 3072 541 3111 cum
558 3059 697 3124 ministris,
711 3060 794 3114 David
807 3062 840 3113 ad
857 3077 917 3114 um·

131 3157 240 3197 uersum
263 3147 389 3214 respiciat
404 3148 528 3218 populum
549 3145 739 3216 Cirristianitm,
763 3154 808 3218 otti
833 3155 919 3207 iuimi-

132 3248 194 3286 com
211 3248 286 3288 suunt
302 3237 543 3306 terribilempetrae
558 3247 678 3296 noscitur
687 3244 827 3306 ,stoliditate
841 3258 920 3312 strpe-

134 3336 219 3376 rasse.
246 3323 311 3378 illud
339 3341 445 3395 quoqne
474 3344 635 3400 magnopere
661 3334 840 3386 contuendum
867 3344 919 3397 cst,

133 3416 204 3481 quoi
221 3423 280 3482 pot
303 3424 342 3470 tot
363 3418 522 3496 psalmorum
546 3421 726 3483 lotrpissimam
747 3425 855 3487 serient,
879 3425 922 3477 hie

135 3505 331 3559 muntlanartrm
352 3523 441 3561 rerum
463 3511 538 3577 quasi
552 3512 658 3580 atridam
673 3515 803 3566 terminus
816 3514 922 3567 ridetur

135 3596 283 3660 appositus.
309 3595 399 3664 Neque
426 3600 496 3651 etrim
521 3610 580 3666 post
605 3600 673 3655 hunc
697 3603 796 3670 aliquid
819 3615 864 3657 aut
888 3604 922 3658 de

135 3681 264 3738 Ecclesiae
276 3689 512 3753 persecatiooibos,
528 3701 573 3745 aut
584 3693 618 3746 de
630 3696 807 3750 amaritudine
820 3698 922 3761 seculi,

134 3785 181 3828 aut
192 3777 226 3830 de
238 3779 404 3843 passionibus
414 3792 571 3852 martyrum,
580 3784 665 3839 autde
681 3787 851 3841 tribulatione
866 3804 923 3856 pos-

136 3868 293 3928 uitenttom.
307 3883 351 3923 ant
366 3872 399 3924 de
414 3872 602 3929 lamentatione
616 3875 744 3943 hricliotn,
761 3885 807 3931 aut
819 3877 854 3932 de
869 3880 924 3932 llu-

135 3958 255 4011 tichristi
281 3960 455 4015 abominanda
476 3964 591 4018 elatione
614 3977 751 4030 narratur;
768 3969 814 4022 sed
829 3969 924 4035 relictui

134 4059 241 4115 septem
258 4048 283 4101 itt
299 4065 421 4118 magnum
437 4053 592 4123 mysterium
607 4055 703 4108 divinis
717 4058 856 4122 praecidis
877 4073 925 4127 ap-

136 4136 197 4203 trti,
222 4138 323 4192 eoelcsti
343 4142 432 4194 latitia
454 4141 576 4196 ridentur
593 4159 653 4198 esse
669 4146 825 4212 plenissimi.
849 4147 924 4202 Nunc

135 4227 170 4280 ad
186 4227 279 4282 laudes
294 4228 398 4284 Domini
421 4235 535 4298 repulsis
555 4234 670 4288 nnbbus
685 4245 866 4305 peccatorum,
882 4252 925 4293 se·

135 4319 212 4373 renis
228 4320 359 4374 tuentibus
373 4322 540 4377 accedamus.

392 4435 547 4492 Psebttbs
565 4437 678 4495 cittii.

383 4525 509 4579 laudatio
527 4528 577 4595 ipsi
592 4527 686 4583 Dauid.

174 4631 262 4685 Dauid
282 4632 419 4687 Christum
432 4636 572 4690 Durolitum
597 4641 747 4707 signiticare
772 4651 798 4697 et
811 4644 926 4700 nominis

136 4723 225 4792 ipsius
249 4724 468 4792 interpretatione
490 4729 640 4802 docuimus,
656 4742 684 4786 et
701 4748 748 4800 per
767 4734 925 4791 descensum

136 4816 230 4870 carnis
248 4830 282 4870 er
306 4826 416 4884 parente
436 4820 476 4871 sic
488 4821 650 4886 appellatum
673 4838 733 4876 esse
748 4837 924 4880 monstratum

137 4917 189 4961 est
215 4907 268 4961 Sed
292 4909 354 4961 darn
381 4909 431 4962 ltoc
456 4912 532 4964 nohis
557 4922 680 4967 constare
701 4915 833 4981 rideatur,
861 4918 924 4972 illud

138 4998 224 5065 magis
248 4997 390 5069 diligenter
415 5003 530 5055 arbitror
555 5007 789 5074 perscrutandum,
813 5022 861 5062 cor
883 5008 925 5063 hie

139 5086 234 5139 titulat
252 5089 422 5156 singulariter
439 5093 574 5146 contineat
595 5113 601 5148 ι
626 5094 752 5149 Londotio
767 5098 816 5166 ipsi
830 5097 923 5165 bar-tt,

138 5187 199 5228 cour
216 5174 242 5226 in
255 5178 379 5231 omnihus
393 5180 499 5244 psalmis
513 5181 571 5248 ejus
586 5182 668 5250 gloria
684 5185 849 5251 praedicetur.
871 5188 923 5242 Sed

140 5265 183 5318 irc
196 5266 258 5319 idco
275 5267 426 5323 distinctior
444 5271 592 5341 clariorque
611 5276 694 5344 posita
709 5287 758 5339 est,
774 5279 833 5347 attia
850 5295 923 5335 como

139 5355 217 5425 pletis
238 5359 363 5412 omnihus
377 5362 473 5430 quibus
488 5364 603 5420 lrutoana
620 5368 766 5434 ignorantia
783 5373 866 5426 luerat
883 5374 924 5426 in·

138 5447 281 5511 struenda,
306 5463 377 5502 noae
397 5450 430 5504 ad
453 5452 509 5508 sola
535 5455 686 5523 praecipitor
700 5457 805 5512 Dorrrioi
829 5475 923 5516 tacrrre

138 5540 289 5604 praeconia,
310 5555 369 5610 qam
390 5541 482 5597 laudes
503 5546 616 5614 quadam
632 5546 801 5602 distintione
815 5557 923 5620 surisque

963 1761 1074 1830 gratiam
1089 1759 1193 1814 Domini
1209 1759 1303 1814 deesse
1327 1767 1502 1821 monstratur;
1529 1773 1588 1811 curu
1611 1775 1675 1812 vero
1699 1777 1750 1810 nou

964 1851 1025 1906 totis
1041 1849 1240 1904 characteribus
1254 1849 1406 1912 adnotator,
1420 1846 1480 1901 ilios
1491 1848 1596 1903 ridetur
1607 1848 1751 1902 ostendere

964 1941 1009 2012 oni
1023 1941 1049 1995 in
1067 1940 1184 1994 Ecclesia
1203 1939 1310 2008 quidem
1327 1947 1389 1993 sttnt
1417 1936 1530 2001 batarini,
1544 1937 1591 1992 sed
1613 1954 1664 1990 ιιιιιι
1683 1938 1752 1991 adr-n

964 2029 1066 2085 crunctis
1087 2027 1164 2082 honis
1185 2026 1308 2096 operibus
1324 2028 1467 2095 probantur
1487 2043 1546 2080 esse
1570 2027 1689 2092 perlecti.
1714 2026 1751 2079 Dc

963 2118 1014 2175 itae
1032 2118 1101 2174 enim
1123 2117 1232 2174 mistura
1255 2119 1351 2187 legitur
1368 2136 1374 2168 t
1392 2117 1455 2172 Doce
1474 2125 1496 2170 ct
1518 2113 1589 2170 leues
1611 2120 1750 2183 ortionem,

964 2213 1067 2283 iusuper
1081 2225 1102 2264 et
1119 2227 1211 2278 pecora
1225 2211 1309 2278 cantui
1323 2206 1408 2282 (Psoi.
1424 2226 1480 2274 rrtr,
1493 2207 1531 2278 8).
1547 2208 1590 2264 Sic
1603 2207 1645 2262 isti
1659 2209 1751 2273 alpha·

965 2305 1026 2361 beto
1051 2303 1137 2359 littera
1163 2313 1263 2358 tantam
1288 2321 1340 2358 una
1363 2303 1536 2365 subtrahitur,
1561 2313 1589 2356 ut
1614 2322 1665 2357 troo
1687 2303 1751 2356 ilios

965 2411 1085 2450 summos
1116 2394 1233 2450 iudicare
1259 2394 1391 2449 rideatur.
1429 2396 1494 2448 llam
1522 2405 1549 2449 et
1573 2395 1700 2448 borroirrrrs
1726 2395 1752 2448 io

967 2486 1112 2558 Evangelio
1132 2485 1198 2540 dixit
1218 2485 1334 2551 homini,
1350 2484 1394 2554 qui
1416 2499 1445 2538 se
1464 2485 1594 2553 probabili
1613 2500 1753 2540 conversa·

967 2578 1039 2632 tiotte
1055 2576 1184 2630 tractabat
1200 2592 1206 2628 :
1224 2574 1307 2628 Unum
1322 2577 1366 2628 tihi
1380 2576 1470 2628 deest:
1485 2576 1529 2627 sed
1543 2575 1564 2627 si
1578 2579 1614 2627 ais
1629 2591 1683 2627 estc
1697 2591 1754 2639 per·

967 2674 1058 2740 fectus,
1072 2667 1150 2721 rende
1162 2666 1247 2719 omnio
1262 2673 1315 2727 tuo,
1331 2673 1471 2732 attenuere
1486 2680 1525 2716 me
1538 2663 1635 2733 (llam.
1652 2681 1680 2726 x,
1695 2663 1753 2732 et).

968 2757 1020 2815 Sed
1038 2773 1098 2812 cum
1115 2772 1207 2811 rrrnnes
1225 2755 1274 2808 hoc
1295 2769 1346 2808 non
1367 2752 1473 2820 iaciant,
1488 2768 1501 2805 a
1519 2754 1598 2822 perte·
1610 2763 1635 2805 to
1655 2751 1754 2819 aliquid

968 2849 1055 2904 minus
1071 2848 1169 2902 habere
1184 2856 1340 2899 noscuntur.
1364 2844 1514 2912 Qttaproter
1529 2842 1630 2912 gratias
1647 2851 1756 2908 apenos

969 2939 1084 2995 Donrlno
1103 2939 1198 3008 jupiter
1213 2935 1408 3006 supplicemus,
1423 2935 1468 3004 qni
1483 2935 1535 2988 tale
1549 2935 1624 2987 nobis
1641 2935 1682 2988 hic
1698 2950 1756 3004 my-

970 3029 1079 3084 sterium
1096 3045 1151 3083 suae
1166 3026 1270 3096 pletatis
1283 3026 1415 3092 ostendit;
1438 3036 1466 3079 nt
1481 3035 1507 3079 et
1522 3040 1569 3078 uos
1585 3024 1630 3093 otti
1644 3023 1757 3077 maxima

971 3135 1064 3173 sunaus
1087 3120 1242 3173 meritorum
1271 3126 1345 3184 parte
1370 3114 1476 3178 curati,
1500 3112 1594 3168 similia
1624 3115 1757 3182 pontone

973 3225 1174 3278 praesentamus,
1184 3207 1353 3278 quatenosad
1366 3207 1457 3262 landes
1473 3210 1530 3275 cjns
1544 3207 1756 3262 arernrsantu-

971 3299 1067 3368 gcutiae
1093 3298 1175 3366 ipsius
1199 3313 1309 3352 munera
1334 3298 1474 3365 pervenire
1499 3312 1659 3349 uteteamur.
1697 3297 1759 3351 stre

972 3389 1056 3458 magis
1076 3387 1146 3457 otrod
1166 3398 1257 3456 postea
1282 3383 1387 3454 reperi,
1409 3385 1556 3450 irnperleci
1579 3389 1763 3455 atptrabetidrs

972 3479 1090 3534 indicant
1101 3476 1256 3538 Ecclesiam,
1272 3491 1330 3543 aar·
1342 3475 1384 3530 hic
1397 3474 1481 3529 adhuc
1493 3478 1588 3546 agitur,
1604 3489 1630 3532 et
1647 3479 1759 3533 necdum

973 3577 1014 3623 est
1028 3566 1178 3635 iniquorum
1195 3566 1408 3634 teqrrestratinne
1430 3579 1552 3635 ptrraata3
1571 3568 1681 3636 pteram
1697 3586 1762 3622 uero

974 3659 1087 3714 loturam
1108 3656 1257 3726 significant
1271 3657 1431 3722 Jerusalem,
1449 3659 1493 3712 obi
1513 3661 1565 3726 jam
1583 3661 1761 3726 perlectorum

974 3757 1060 3802 emtus
1075 3757 1226 3800 sacratorum
1242 3747 1373 3802 electione
1386 3749 1572 3817 complebitur.
1590 3749 1666 3818 Quod
1682 3750 1762 3806 utar

973 3840 1024 3910 ipsi
1040 3836 1132 3909 psalmi
1146 3841 1190 3907 qui
1208 3839 1326 3893 liebrais
1343 3840 1438 3894 litteris
1455 3854 1647 3908 pernotantur,
1667 3842 1690 3896 sl
1704 3842 1760 3897 dili·

974 3942 1067 4003 genter
1082 3927 1216 3999 inspicias,
1233 3928 1351 3985 indicare
1365 3947 1521 3988 noscuntur.

1256 4062 1352 4116 Diuisio
1375 4063 1476 4133 psalmi.

1011 4194 1138 4250 mutatio
1153 4194 1251 4249 Christi
1275 4211 1333 4264 qun
1353 4210 1367 4249 a
1381 4193 1459 4249 beato
1482 4195 1610 4265 propheta
1625 4199 1760 4266 proposita

975 4295 1027 4351 est,
1043 4286 1176 4354 alphabeti
1193 4285 1296 4340 llehrasi
1317 4286 1411 4342 ordine
1426 4287 1579 4352 decurrens,
1598 4286 1682 4342 trihus
1704 4305 1765 4344 nar-

938 4376 1126 4435 Dratioaihus
1149 4375 1306 4441 explicatur.
1324 4375 1411 4430 Priora
1427 4388 1468 4430 est
1481 4379 1565 4431 latniis
1581 4378 1641 4449 eius
1661 4378 1764 4434 itrliaita

978 4469 1129 4536 promissio,
1143 4469 1281 4521 continens
1297 4468 1417 4535 praedicti
1431 4467 1566 4535 alphabeti
1577 4466 1683 4525 litteras
1697 4480 1762 4528 tres.

976 4559 1097 4614 Secunda
1110 4558 1172 4612 dicit
1184 4558 1287 4612 landem
1301 4559 1406 4612 Dorrrioi
1422 4574 1516 4614 norem
1531 4559 1616 4614 modis
1630 4576 1688 4615 esse
1703 4578 1766 4630 per·

977 4649 1122 4720 agendam,
1140 4650 1242 4704 hahens
1258 4651 1358 4704 litteras
1373 4659 1498 4718 quatuor.
1514 4651 1603 4705 Tertia
1620 4662 1693 4719 parte
1706 4670 1767 4720 attat

977 4740 1004 4795 ln
1017 4740 1133 4794 secunda
1148 4739 1181 4795 de
1197 4743 1331 4809 praeconio
1352 4743 1449 4795 Christi
1471 4743 1586 4797 breuiter
1606 4748 1765 4810 proposuit,

977 4833 1056 4902 paulo
1079 4832 1156 4885 latius
1176 4840 1255 4898 atquc
1270 4833 1407 4885 euidenter
1423 4832 1561 4898 explanat,
1576 4833 1602 4887 ln
1620 4834 1671 4888 liue
1690 4850 1764 4886 euttt·

976 4936 1089 4977 mortens
1112 4923 1145 4975 ab
1170 4920 1241 4974 omni
1265 4936 1346 4975 carne
1372 4921 1510 4976 Dominum
1531 4921 1630 4976 debere
1645 4922 1765 4986 laudari:

978 5027 1037 5082 quas
1060 5026 1120 5079 pars
1135 5011 1228 5064 retinet
1249 5009 1351 5063 litteras
1365 5010 1576 5076 quatuordecim.
1593 5009 1659 5064 iliud
1677 5023 1763 5064 tamru

978 5118 1032 5172 praa
1046 5103 1169 5155 omnihus
1182 5099 1309 5154 debemus
1322 5099 1458 5154 intendere
1472 5101 1551 5169 :qnia
1564 5101 1601 5155 sic
1613 5101 1646 5154 dh
1656 5108 1710 5153 tutu
1725 5111 1766 5153 cst

978 5193 1049 5248 uude
1073 5192 1200 5245 Dominus
1214 5189 1313 5242 laudari
1331 5189 1430 5255 possit,
1449 5199 1477 5242 nt
1497 5200 1584 5242 tamen
1600 5197 1688 5259 portes
1702 5188 1767 5257 ipsas

979 5281 1181 5351 inexplicabiles
1203 5293 1263 5334 esse
1288 5280 1437 5334 rideantur.
1457 5279 1533 5334 lierbi
1548 5281 1649 5349 gratia,
1669 5279 1768 5333 dicitur

979 5372 1126 5427 laudandus
1137 5385 1197 5425 csse
1212 5369 1237 5423 lu
1252 5370 1376 5437 operibns
1389 5370 1464 5424 stris:
1481 5369 1527 5425 sed
1542 5373 1602 5438 qtae
1614 5370 1673 5438 rjus
1685 5371 1768 5436 possit

977 5477 1069 5532 opera,
1085 5471 1115 5515 ut
1142 5461 1249 5530 digttom
1264 5469 1321 5528 est,
1340 5461 1493 5531 erpticaret
1510 5461 1610 5515 Dicitur
1623 5461 1657 5516 de
1672 5470 1768 5531 poten·

979 5557 1013 5611 tia
1027 5570 1034 5608 a
1047 5554 1092 5609 scd
1104 5557 1162 5623 «puis
1173 5554 1230 5622 ejus
1243 5555 1387 5622 potentiam
1403 5568 1527 5610 enarrare
1539 5550 1694 5624 prevaleat?
1708 5552 1770 5610 llus
