3802 6120
114 237 168 295 aba
585 229 766 291 expostulo
788 229 822 288 ΙΝ
840 229 1074 291 esttremtttt.
1094 232 1193 293 estu.
1212 232 1278 289 cit.
1701 235 1753 292 ric

113 351 200 422 lprius
212 350 329 408 neminis
346 347 487 415 indiceret,
501 348 614 414 addidit,
630 365 688 403 eum
708 346 903 403 rrttrtrrrrtsr.
920 348 1075 418 Aerarius,
1088 349 1204 406 animam
1212 350 1339 420 probatur
1350 349 1480 423 affligere.
1489 350 1601 424 Ferrum
1617 351 1751 420 stpntttrrt

113 443 173 511 Quo
183 450 307 511 tenpore
318 440 422 499 rtrum
439 439 530 503 cordis
551 440 616 496 totis
636 439 740 498 uiribus
760 439 905 509 excitatur,
960 439 1084 497 duritiam
1100 442 1243 509 malorum,
1260 443 1388 512 quioniam
1402 439 1521 501 terreum
1537 443 1695 515 plerumque
1708 443 1753 501 dt·

113 532 222 603 quando
235 542 264 593 et
275 530 422 589 imminens
436 530 585 600 perieulum
601 531 721 598 timetur,
736 538 764 587 et
777 543 908 601 presure·
958 533 1044 588 cimus
1059 533 1131 605 quod
1145 533 1242 589 durum
1258 548 1319 597 esse
1330 543 1521 593 monstramus.

115 625 171 695 ptio
183 624 302 685 bumana
316 621 490 679 subducitur.
510 621 565 678 Sed
585 621 646 677 ride
660 622 726 693 quiid
740 622 845 677 clamor
856 621 908 677 itte
996 624 1073 681 lere.
1092 626 1135 681 11.
1162 626 1230 693 Quia
1245 627 1457 682 cruentaverunt
1474 626 1577 698 eloquio
1594 624 1712 699 domni,
1726 636 1753 683 st

114 712 285 783 prestiterim
296 709 423 767 uidelicet
435 719 465 766 ut
483 720 508 767 et
522 711 552 767 de
565 711 757 768 securitatibus
769 710 908 767 liberarer·
958 715 1094 770 consilium
1108 717 1232 773 ditissimi
1246 717 1422 774 irritnuerunt.

114 815 168 872 ter,
182 813 211 861 et
232 803 343 859 semitas
357 803 480 861 veritatis
494 815 691 875 agnoscerent,
708 812 841 877 quatenus
862 803 907 875 qui
993 806 1073 879 367
1090 805 1168 864 Vere.
1182 808 1227 864 ii.
1250 807 1284 863 Et
1298 809 1464 867 transtrorum
1475 816 1511 863 ert
1526 808 1553 862 in
1567 807 1696 863 latomias
1707 821 1753 863 rer

89 941 91 944 >
117 896 220 969 pridem
235 896 263 952 in
276 895 349 952 inuio
363 909 457 952 errore
476 895 651 966 rogabantur,
664 905 774 963 accepta
786 896 828 951 nia
842 909 907 951 san-
959 909 1063 961 eorum,·
1081 906 1104 951 et
1116 898 1239 968 infirmati
1252 909 1327 965 runt,
1341 914 1386 954 nee
1406 896 1456 969 {sit
1474 899 1518 969 qni
1536 899 1679 972 adjuraret.
1703 899 1752 955 le·

115 985 245 1041 ctissimae
256 985 395 1053 religionis
409 985 443 1040 ad
458 984 587 1041 Ecclesiae
602 985 688 1042 beate
703 985 817 1042 feliciter
838 987 906 1041 atria
960 986 1087 1043 tuendutu
1101 988 1228 1059 estquod
1250 991 1278 1045 in
1299 990 1340 1047 lais
1361 990 1465 1047 duobus
1479 994 1603 1047 uersibus
1618 991 1701 1062 sspura
1714 991 1753 1057 tii

116 1076 300 1149 peruenirent.
958 1078 1079 1146 parison,
1101 1079 1127 1133 id
1142 1087 1184 1134 est
1196 1081 1311 1150 equatio
1331 1079 1488 1148 sententiae;
1512 1081 1624 1152 exponit
1636 1083 1708 1137 enim
1723 1080 1753 1137 in

150 1168 228 1226 l'ers.
241 1169 269 1224 8.
282 1167 459 1239 Confitentur
474 1168 584 1227 Domine
602 1170 784 1227 misericordie
803 1172 871 1243 ejus,
882 1181 907 1227 et
959 1168 1047 1236 primo
1061 1183 1139 1223 uersu
1152 1168 1378 1239 quemadmodum
1398 1170 1582 1241 peccauerint,
1608 1180 1635 1227 et
1657 1172 1685 1226 in
1706 1186 1752 1228 se·

113 1270 309 1341 meatrerrjrrr
323 1268 387 1339 filiis
400 1270 545 1326 demittam.
560 1269 641 1331 Venit
653 1272 687 1327 ad
700 1273 849 1329 secundam
864 1288 908 1331 te·
959 1257 1046 1313 ‘⁰⁰⁶⁰
1060 1273 1119 1329 ‘1⁰10
1134 1259 1295 1329 lsscelsslifll·
1322 1259 1399 1328 0⁰⁰⁶
1413 1260 1523 1319 Sileni&
1542 1260 1570 1315 5¹¹
1583 1257 1636 1316 h⁰⁰
1650 1259 1753 1335 11111Ψο

113 1362 243 1428 ctionem,
260 1361 285 1414 in
300 1375 353 1430 qua
377 1369 532 1417 commonet
553 1361 608 1431 jam
629 1361 724 1418 fideles
744 1371 774 1418 ut
794 1363 908 1419 licutino
959 1350 1126 1420 flellsssslefr
1148 1350 1264 1423 (111ῑὸ0118
1287 1351 1383 1428 lecim&
1401 1352 1533 1410 invenies·
1558 1352 1597 1421 ὓθ
1610 1352 1664 1419 ῑῙΙί1
1678 1352 1751 1408 enlm

115 1449 329 1524 pratiasreierre
343 1465 396 1507 non
412 1451 547 1520 desinam,
563 1453 609 1523 qui
630 1452 689 1523 ejus
702 1455 813 1525 copiosa
826 1456 908 1511 beno-
958 1448 1024 1505 dicit
1037 1451 1083 1519 qui
1097 1451 1217 1506 uertant
1236 1452 1263 1506 in
1283 1452 1392 1508 teneris
1414 1461 1439 1508 et
1460 1453 1552 1509 amira
1572 1453 1671 1516 mortis,
1691 1451 1754 1518 till·

118 1546 178 1601 [tois
203 1552 395 1615 perceperunt.
424 1543 563 1601 Veracitor
581 1552 671 1601 autem
700 1555 728 1602 ot
753 1546 908 1605 salutariter
959 1553 1051 1598 centra
1065 1541 1172 1597 Domini
1186 1544 1293 1613 eloquia
1308 1544 1449 1611 iacientes,
1470 1545 1496 1599 in
1518 1543 1578 1615 eius
1598 1543 1698 1614 repulit
1712 1542 1753 1597 ri·

116 1637 216 1697 dictum
244 1644 288 1693 est
309 1635 409 1697 debers
434 1632 546 1697 Domino
571 1637 689 1707 confiteri
717 1637 908 1693 misericordior
959 1646 1025 1689 rere
1039 1633 1213 1703 respuebant.
1236 1633 1272 1690 Et
1286 1646 1398 1691 necesse
1412 1643 1471 1690 erat
1484 1644 1515 1690 nt
1528 1643 1684 1705 paterentur
1696 1634 1754 1689 ira·

22 1776 34 1783 .
115 1741 189 1793 ruas,
203 1725 266 1796 quia
280 1724 411 1796 quidquid
430 1726 458 1781 in
472 1725 551 1781 nobis
565 1726 671 1793 ridetur
691 1727 909 1799 laudabileque
923 1719 947 1779 tt
961 1729 1036 1791 tum,
1060 1738 1140 1795 quem
1163 1722 1319 1795 judicabant
1341 1739 1402 1783 esse
1424 1726 1607 1783 temnendum.
1634 1725 1754 1796 {tertione

115 1827 221 1875 constat
244 1830 305 1873 esse
317 1816 481 1885 clementiae,
497 1817 543 1888 qui
567 1827 677 1889 peccata
699 1821 815 1889 retaxat,
831 1836 907 1891 spem
960 1816 1022 1873 ride
1036 1816 1100 1888 quid
1116 1817 1247 1888 sequitur,
1260 1828 1284 1873 et
1295 1818 1431 1875 comitiam
1441 1819 1566 1875 Altirrr'rrri
1575 1821 1753 1881 irritnnermtt.

117 1907 219 1973 tribuit,
230 1905 297 1963 etad
310 1906 438 1969 bonitatis
447 1921 504 1963 sue
518 1908 589 1975 dona
600 1909 734 1980 perducit.
750 1911 817 1968 Nam
834 1913 909 1983 quaid
960 1907 1133 1965 minaverunt
1144 1909 1233 1981 plane,
1249 1920 1279 1966 ut
1293 1910 1339 1981 qui
1351 1911 1462 1982 superbi
1481 1911 1508 1969 in
1529 1913 1754 1983 prosperitatibus

115 1997 181 2055 dicit
195 1998 348 2071 pluraliter,
360 1998 567 2070 misericordias,
591 2001 657 2056 illud
672 2002 816 2073 significat,
838 2020 908 2073 nuo·
961 2002 1132 2069 exstiterunt,
1156 2002 1184 2059 in
1206 2002 1425 2061 tribulationibus
1444 2011 1472 2060 et
1489 2007 1619 2076 angustiis
1634 2006 1753 2063 bumilcs

116 2092 188 2148 niam
198 2091 290 2151 multis
301 2091 426 2162 quidese,
438 2091 487 2149 sed
504 2093 611 2157 diuersa
623 2094 745 2164 largitur,
761 2093 831 2151 sicut
845 2096 910 2152 dicit
961 2092 1149 2149 redderentur.
1172 2093 1278 2150 lustum
1291 2095 1449 2163 consilium,
1472 2096 1649 2155 saluberrima
1664 2098 1754 2154 reedi-

115 2183 287 2255 Apostolus:
303 2180 356 2239 Sed
379 2183 553 2257 unuqeirqne
566 2188 698 2256 proprium
720 2187 817 2242 doum
834 2188 909 2243 tuter
960 2183 1029 2255 eina,
1056 2192 1085 2241 ut
1108 2184 1219 2245 morbus
1233 2186 1323 2241 seculi
1343 2188 1480 2244 contrario
1504 2189 1616 2246 romedii
1641 2204 1754 2247 munnere

114 2275 220 2346 casseu,
232 2275 728 2351 anusqutdemrir,atimuorernrtrtl
740 2278 856 2348 Cornu,
869 2281 909 2352 7).
961 2287 1110 2333 curaretur.
1136 2277 1252 2347 Adiecit,
1268 2279 1391 2348 infirmati
1411 2289 1480 2345 runt,
1506 2280 1534 2335 id
1558 2288 1601 2338 est
1623 2295 1640 2336 a
1661 2282 1754 2339 mortu

114 2365 338 2439 Quapropterpio
353 2366 467 2423 bomtuo
478 2381 586 2437 semper
595 2368 704 2436 dignum
724 2381 766 2425 est
780 2372 908 2440 confiteri,
961 2369 1171 2439 praesumptions
1184 2368 1373 2439 deiecti-sunu
1389 2382 1418 2427 ut
1429 2370 1531 2429 lucilius
1543 2371 1576 2429 ed
1589 2373 1755 2442 penitentia

115 2459 162 2529 qui
180 2474 230 2515 nos
243 2466 271 2515 et
284 2473 298 2512 a
311 2458 439 2527 periculis
455 2457 563 2526 liberat,
575 2472 600 2513 er
616 2459 761 2528 splendore
775 2478 830 2519 suae
850 2464 908 2532 pio·
961 2459 1080 2514 remedia
1106 2461 1298 2529 pervenirent,
1325 2461 1349 2517 si
1373 2461 1548 2518 incitamenta
1573 2465 1751 2520 contumacias

115 2546 340 2604 tatisilluminat.
361 2545 909 2621 iliraculeseroqueeieeittempnrein·
962 2550 1152 2618 perdidissent.
1179 2551 1307 2607 Additum
1325 2561 1378 2620 est,
1402 2569 1448 2609 nee
1470 2554 1521 2626 {ait
1541 2558 1586 2625 qui
1607 2557 1753 2628 udjrtonrrr,
1784 2552 1788 2557 ’

115 2638 280 2697 carnationis
296 2652 364 2704 sue,
381 2653 429 2709 per
443 2642 623 2710 evangelistas
647 2651 675 2699 et
696 2644 835 2714 apostotos
858 2660 909 2715 po·
961 2642 1196 2710 subaudiendum,
1220 2644 1300 2701 alter.
1332 2643 1417 2701 Nema
1443 2646 1515 2703 enirn
1547 2656 1658 2717 prestat
1682 2647 1755 2718 peri-

115 2735 196 2804 eteris
206 2732 272 2793 dicit
282 2747 344 2803 esse
359 2731 544 2802 predicanda,
557 2736 629 2791 sicut
643 2745 751 2792 constat
766 2737 908 2793 eteorum.
961 2733 1073 2798 citanti,
1096 2734 1148 2790 nisi
1169 2734 1212 2790 cui
1232 2735 1407 2805 omnipotens
1428 2736 1497 2793 Deus
1516 2737 1674 2808 preceperit
1687 2736 1755 2794 sub-

115 2826 252 2881 biemento
264 2834 354 2880 autern
372 2825 444 2896 quod
471 2827 514 2881 bic
532 2842 625 2881 rcrsus
644 2842 691 2900 per
706 2835 821 2902 quintum
841 2828 911 2883 diui·
960 2827 1062 2882 renire.

116 2914 208 2977 rienes
217 2928 303 2985 usqtte
317 2914 352 2969 ad
368 2914 449 2977 sunem
468 2915 528 2977 sine
543 2916 632 2985 aliquo
653 2919 851 2986 permutatione
870 2934 910 2974 re
997 2916 1072 2972 vers.
1088 2916 1131 2970 t5.
1148 2914 1181 2970 Et
1195 2916 1368 2972 clamaverunt
1379 2917 1414 2971 nd
1424 2915 1561 2974 licerinum
1575 2931 1633 2971 eum
1647 2914 1754 2973 tribula-

117 3007 227 3076 peritur,
253 3014 282 3067 ut
303 3007 373 3061 sieut
400 3007 434 3067 de
456 3017 571 3083 quatuor
585 3007 677 3062 tntrndi
701 3010 821 3077 partibus
843 3010 910 3066 dicit
962 3018 1060 3074 rentur,
1074 3019 1098 3064 st
1112 3009 1144 3063 de
1157 3009 1345 3065 necessitutibus
1358 3024 1446 3063 eorum
1460 3008 1575 3063 liberarit
1589 3024 1641 3064 eor.

118 3097 265 3153 Ecclesiam
281 3103 478 3166 congregatam,
501 3096 537 3157 ita
561 3095 595 3150 de
621 3096 732 3153 totidem
753 3099 909 3155 cardinibus
923 3090 948 3154 C
998 3101 1077 3157 llers.
1088 3102 1131 3157 tt.
1149 3100 1182 3154 lit
1195 3101 1284 3155 ederit
1294 3118 1337 3156 eor
1348 3101 1380 3155 de
1390 3101 1500 3156 tenebris
1513 3111 1537 3156 rt
1549 3102 1639 3157 ambro
1651 3102 1754 3170 mortis,

116 3186 192 3249 orbis
209 3186 300 3255 laudes
321 3186 512 3251 inisericordie
537 3187 622 3257 ipsius
642 3188 748 3245 deuotis
772 3189 909 3249 mentibus
960 3200 984 3245 et
997 3192 1099 3245 rirrrula
1112 3204 1198 3244 eorum
1213 3190 1335 3262 dirrupit.
1351 3190 1422 3245 Ecce
1434 3204 1518 3260 quare
1533 3189 1666 3245 humiliari
1679 3198 1754 3256 suut,

116 3278 273 3337 offeramur.
960 3296 1045 3351 quare
1059 3280 1200 3345 inlirmati;
1221 3280 1324 3335 scilicet
1344 3288 1375 3334 ut
1394 3282 1428 3333 nd
1444 3279 1584 3335 bominum
1603 3280 1755 3350 elumorertt,

156 3370 231 3429 lert.
247 3372 274 3429 9.
287 3373 355 3439 Quin
367 3373 469 3437 reticuit
485 3376 599 3431 animem
620 3377 735 3441 inanem,
754 3384 778 3429 et
795 3375 910 3430 enimam
961 3371 1057 3427 delicta
1072 3371 1178 3441 propria
1192 3371 1363 3426 confitentes.
1380 3369 1502 3429 silebant
1513 3371 1586 3429 enim
1597 3371 1625 3426 in
1637 3370 1756 3429 elatione

116 3463 265 3526 manentem
289 3465 391 3521 retinnit
408 3467 489 3522 lunis.
512 3463 604 3521 laenis
627 3475 669 3524 est
681 3468 777 3535 noima,
802 3467 910 3538 quando
961 3445 1056 3534 positi,
1078 3464 1152 3520 reiut
1167 3462 1302 3518 insensata
1322 3477 1419 3532 pecora
1438 3463 1543 3519 nullum
1558 3463 1668 3521 uerbum
1682 3463 1755 3520 salu·

116 3554 210 3609 mundi
224 3557 445 3625 pertersimtibus
457 3567 599 3628 occupata,
613 3557 818 3635 adICreatorem
830 3573 909 3615 snum
962 3567 1018 3612 tare
1032 3556 1189 3611 tundebant.
1205 3555 1381 3625 compunctio
1394 3553 1465 3617 iacta
1479 3565 1533 3623 est,
1545 3566 1572 3613 et
1585 3565 1649 3612 tunc
1660 3570 1755 3613 rocem

118 3647 219 3702 reverti
241 3648 313 3703 nulla
325 3648 470 3707 deuotione
484 3650 605 3707 testinat.
622 3654 742 3710 Animam
766 3669 831 3709 rere
849 3670 909 3713 eru·
959 3646 1108 3719 proficuam
1123 3646 1307 3703 reddiderunt.
1325 3647 1359 3702 Et
1374 3646 1476 3716 inspice
1490 3646 1686 3709 misericordie
1702 3646 1755 3703 lio·

117 3740 226 3796 rr‘rrrm
239 3740 313 3810 uictu,
330 3745 438 3814 quondo
458 3744 512 3812 tam
527 3745 617 3801 divina
634 3747 719 3817 praua
745 3747 849 3806 vistula
873 3747 908 3803 au
961 3739 1026 3795 rnini
1041 3736 1138 3808 unibat
1152 3736 1370 3802 distinctionibus
1393 3748 1575 3806 exponuntur.
1601 3738 1703 3807 Primo,
1721 3739 1756 3795 tr

118 3830 224 3887 Domini
238 3830 310 3905 [mar.
322 3834 367 3903 A,
381 3832 428 3902 B,
444 3832 490 3902 F„
505 3850 519 3887 a
534 3835 658 3906 Domino]
670 3836 805 3894 desiderat
817 3837 911 3894 sentire
962 3833 1108 3885 morantate
1121 3827 1137 3901 l·
1147 3830 1187 3894 d.,
1202 3824 1402 3899 rtctffllullts]
1416 3829 1532 3883 lilertvr'l
1545 3844 1599 3895 eor,
1625 3830 1670 3900 dul
1693 3843 1756 3900 110·

118 3921 288 3978 medicinam.
300 3924 378 3992 Quod
392 3924 490 3981 lactum
503 3934 544 3983 est
558 3926 584 3981 in
601 3926 738 3996 gentibus,
749 3943 808 3998 que
819 3929 910 3986 inten—
962 3920 1102 3976 mebantur
1112 3919 1242 3974 serrirute
1251 3918 1362 3984 diaboli.
1378 3917 1489 3987 Deinde,
1502 3933 1518 3977 a
1531 3920 1755 3988 superstitionum

117 4008 218 4065 tionem
233 4026 308 4067 suain
323 4014 440 4084 primum
461 4015 638 4071 inidolorum
661 4018 738 4073 ranis
767 4017 911 4085 desideriis
961 4028 1069 4068 suarum
1097 4012 1206 4066 tenebris
1231 4012 1319 4066 edne
1343 4010 1448 4067 animas
1474 4019 1646 4079 peccatorum
1671 4009 1755 4067 sorde

117 4103 303 4171 occupabant3
332 4114 397 4161 tunc
424 4107 496 4162 enim
527 4116 604 4164 erant
628 4109 721 4172 inanes
748 4121 777 4164 et
803 4122 909 4177 necue,
962 4097 1476 4173 pollutas.Ter-tio,nondirit,oincttlc
1487 4113 1576 4154 torum
1589 4096 1753 4166 misitsed,

117 4194 224 4263 spuendo
234 4194 311 4250 bonis
324 4194 456 4257 tractibus
472 4196 647 4268 privabantur
669 4196 765 4254 elusae.
782 4197 910 4269 Secundo
962 4199 1083 4263 dirrupit.
1109 4196 1154 4252 Sic
1168 4193 1269 4251 diaboli
1284 4191 1425 4264 tyrannica
1450 4201 1569 4263 potestas
1583 4189 1693 4257 cbristo
1708 4204 1757 4249 rc·

119 4285 256 4340 aurientes
275 4287 377 4343 rotirtre
396 4295 470 4356 sunt,
486 4289 592 4359 quando
607 4289 713 4347 bomini
737 4291 911 4347 miseratione
962 4294 1053 4349 niente
1065 4291 1186 4360 disrupta
1202 4296 1264 4355 est,
1290 4298 1318 4342 nt
1341 4300 1476 4356 urrnouarn
1501 4286 1527 4341 iu
1550 4283 1624 4341 illam
1638 4298 1691 4356 qua
1705 4282 1756 4343 luit

118 4376 301 4445 commonitae,
315 4387 378 4434 sota
391 4393 438 4435 sua
452 4383 487 4437 ad
509 4381 675 4450 poenitende
685 4382 774 4437 studia
789 4392 910 4439 transtu·
962 4383 1173 4437 <insinuationem
1189 4378 1279 4435 redire
1294 4377 1449 4446 praevaleat.

118 4469 217 4527 lerunt.
924 4469 951 4531 b
999 4472 1076 4528 l'ers.
1093 4471 1137 4526 ti.
1161 4470 1338 4536 Confiteurttnr
1352 4466 1462 4521 llomr'no
1483 4464 1667 4531 misericordior
1686 4467 1754 4536 eise,

153 4558 232 4615 llere.
247 4557 290 4615 10.
314 4559 439 4623 Sedenter
463 4563 490 4617 in
517 4562 625 4619 tenebris
645 4572 669 4618 et
692 4562 784 4619 embra
803 4567 910 4621 mortis:
961 4573 985 4620 et
1000 4562 1128 4617 orirnbitiu
1141 4564 1195 4634 ejas
1211 4560 1271 4628 filiis
1287 4558 1431 4613 lrorrrinem.
1449 4556 1529 4613 lenit
1542 4555 1577 4610 ad
1592 4554 1698 4611 tertiare
1711 4569 1756 4612 ce·

68 4698 71 4703 .
119 4649 226 4703 docetis
240 4650 343 4721 liparus,
359 4655 386 4706 in
396 4654 559 4709 meridicitute
572 4662 596 4708 et
607 4654 688 4722 [erro.
711 4653 910 4726 Gentiumque
962 4656 1091 4721 ctionem,
1107 4656 1151 4708 ubi
1166 4655 1241 4707 itlum
1256 4665 1363 4706 uersum
1379 4649 1488 4719 repetit,
1502 4661 1583 4719 tpuem
1598 4649 1624 4702 in
1636 4647 1755 4705 mcunda

119 4749 180 4798 anto
195 4741 340 4797 adrentum
357 4743 463 4801 Domini
482 4744 603 4815 luerunt,
626 4745 654 4802 in
681 4745 734 4801 boc
755 4763 835 4804 versu
855 4749 911 4803 sito
964 4758 1039 4818 perte
1050 4747 1104 4815 jam
1120 4744 1196 4801 dixit.
1214 4743 1246 4799 lli
1262 4752 1323 4797 sunt
1336 4742 1520 4807 intercalares,
1535 4740 1610 4808 quasi
1624 4739 1651 4794 in
1662 4739 1754 4797 untedio

119 4831 294 4901 describiutr3
307 4822 426 4891 sedebunt
438 4839 510 4893 enim
524 4839 551 4892 in
563 4838 683 4907 terebris,
696 4840 823 4910 quioniam
837 4840 909 4914 [ortt.
964 4838 1033 4893 calle
1056 4834 1151 4905 positi,
1174 4833 1200 4889 id
1224 4842 1265 4889 est
1289 4831 1315 4886 iu
1338 4830 1467 4887 carminis
1490 4829 1586 4884 itinere
1604 4827 1754 4885 constituti.

120 4927 161 4991 1.,
175 4924 222 4995 B„
238 4924 271 4992 F,
286 4927 407 5000 quando]
421 4938 541 4985 vacuate
565 4930 668 4987 lumine
692 4929 767 4999 ddei,
791 4929 912 5000 perediae
965 4928 1100 4998 Adoronet
1110 4925 1181 4982 enim
1196 4923 1321 4983 liberatos
1334 4921 1406 4994 [mro.
1422 4923 1468 4988 t,
1481 4919 1525 4984 B..
1539 4917 1588 4989 F„
1604 4917 1756 4991 liberatori]

118 5015 240 5074 recitate
254 5017 435 5074 reddebantur
455 5020 588 5076 obscure.
606 5020 709 5083 Etcum
726 5020 803 5086 dicit,
818 5021 911 5075 reden·
965 5017 1064 5091 gratias
1087 5029 1178 5085 apere,
1202 5013 1265 5084 quia
1288 5013 1383 5081 jrrruas
1399 5019 1569 5082 peccatorum
1582 5016 1611 5065 et
1624 5008 1756 5067 malorum

118 5114 165 5173 ter,
181 5107 301 5163 ostendit
316 5123 362 5164 ear
382 5108 462 5180 longo
483 5111 536 5165 situ
558 5109 657 5167 ibidem
681 5110 766 5170 luisse
780 5117 912 5167 versatas.
966 5109 1086 5166 omnium
1099 5107 1216 5172 claustra
1230 5103 1314 5159 virtus
1328 5104 1417 5168 diuina
1432 5100 1575 5172 conirepit.

118 5195 217 5252 Umbro
230 5200 320 5252 mortis
350 5199 401 5254 luit
423 5199 515 5256 seculi
546 5200 622 5257 istius
646 5199 701 5255 nitu
730 5201 837 5271 uitiosa,
852 5216 913 5272 quse
999 5199 1079 5256 Vera.
1095 5197 1139 5253 16.
1156 5195 1223 5263 Quia
1237 5195 1353 5249 contribit
1367 5204 1455 5263 portur
1468 5208 1557 5257 mear,
1573 5197 1597 5245 et
1610 5196 1690 5244 rates
1706 5188 1759 5260 {er-

115 5290 188 5345 itlius
200 5289 296 5347 turture
308 5291 403 5349 mortis
417 5292 586 5349 teterrimam
608 5293 733 5361 portabat
753 5292 911 5365 imaginem,
963 5309 1021 5348 reor
1033 5288 1169 5363 contrepit.
1189 5287 1252 5342 llaec
1265 5295 1307 5343 est
1319 5299 1404 5340 causa
1417 5300 1468 5355 qua
1484 5283 1550 5339 dicit
1564 5281 1679 5337 bomim
1691 5293 1760 5336 con·

122 5380 238 5436 l'irrrrtlir
252 5381 344 5451 utiquc
359 5382 432 5453 liputi
446 5391 536 5447 erant,
548 5383 593 5453 qui
605 5382 788 5438 dominatione
800 5380 910 5448 diaboli,
966 5381 1104 5447 suendum,
1119 5379 1180 5449 quain
1205 5391 1254 5449 pro
1278 5375 1436 5432 liberatione
1459 5384 1550 5430 nosue
1569 5380 1660 5445 portet
1673 5384 1759 5426 Μ

114 5481 290 5537 pcccatorum
308 5473 470 5528 tenebantur
488 5474 600 5531 neribus
614 5474 734 5545 obligati.
757 5473 912 5529 blendirimr
963 5482 1092 5541 vectesque
1106 5469 1246 5541 ceolrepit,
1263 5476 1292 5522 ut
1306 5466 1365 5538 ipso
1380 5465 1458 5521 nobis
1471 5467 1541 5520 riam
1558 5463 1705 5533 prebente,
1718 5460 1760 5516 ri·

110 5562 150 5617 ad
174 5560 347 5636 indigentiam
377 5562 441 5620 boni
468 5565 605 5633 pertinet:
622 5566 667 5620 nbi
688 5565 773 5621 multo
805 5567 912 5635 grauior
965 5575 1020 5622 tant
1034 5563 1111 5621 istam
1133 5561 1266 5633 possimus
1287 5558 1339 5616 sub
1358 5558 1502 5614 securitate
1517 5555 1645 5614 transire.
1670 5551 1759 5615 eoru

109 5661 159 5711 est
172 5652 283 5711 omnino
298 5656 418 5725 penurie,
435 5672 495 5727 nne
509 5672 562 5714 non
582 5670 692 5728 corpus,
709 5651 768 5719 sod,
784 5650 855 5721 quud
867 5664 910 5712 est
965 5665 1027 5714 suot
1049 5668 1126 5711 erere
1151 5651 1290 5709 bominum
1315 5648 1525 5707 consuetudines
1551 5648 1673 5717 sitisse,
1697 5658 1760 5716 qun
