3794 6128
1052 88 1071 119 h

129 302 176 358 D‘ll
732 300 766 353 ii.
787 297 926 354 enitenti
946 292 1150 351 cissitibbttt
1702 290 1755 347 592

127 427 201 475 suot.
217 418 369 472 iiamiiieiit
391 428 443 481 ear,
457 414 558 469 scilicet
575 411 609 467 ad
623 411 802 475 credeiidiim;
825 416 855 465 ul
868 407 913 478 qui
927 402 1260 469 tabennensiotarum
1275 401 1320 457 Dei
1331 402 1357 455 ia
1368 402 1471 455 iteritate
1485 398 1672 471 daces(iluttir.
1681 416 1753 465 xiii,

128 527 175 579 per
189 508 339 578 superarint
354 506 431 559 iidem
442 505 643 559 declinaverant
656 501 848 567 cinisiiaoam,
864 513 913 568 per
969 492 1024 563 ld).
1048 493 1077 548 lu
1100 493 1202 548 mundo
1216 492 1286 545 enim
1300 490 1363 561 qnid
1385 491 1470 545 lenius
1484 491 1561 545 otcol
1573 490 1626 545 Sed
1642 507 1757 563 enagga-

129 600 301 653 liumilinueui
318 596 414 650 itermii
430 596 521 651 lunico
538 593 656 648 veritatis
671 600 825 662 agnoscant.
845 589 911 647 liam

127 689 196 758 iquud
211 688 330 741 additum
345 697 395 749 est,
406 686 450 755 qui
463 696 499 738 est
516 695 575 738 ante
588 682 693 751 sucula,
704 682 819 736 Verbum
830 679 910 750 signi«

128 784 220 835 licetur
233 789 395 834 counemuni
418 779 489 833 l‘atri
503 796 510 830 ε
528 793 563 833 nc
575 795 607 832 ex
622 775 849 847 temporeaiiqito
860 788 911 830 eir·

127 872 226 930 adiisse
243 870 377 925 rideri-tur
390 870 434 939 qui
453 871 550 924 saccula
566 869 667 924 crearit
679 867 813 922 uniuersa.
830 864 912 920 Tem·

129 976 177 1030 pos
192 963 263 1017 enim
279 970 341 1016 tnnc
354 960 446 1030 erepit,
460 961 566 1030 quaudo
590 959 705 1017 mundus
725 958 839 1028 sumpsit
862 955 912 1011 iiii·

127 1053 203 1107 tium.
227 1050 337 1106 Desinat
360 1066 423 1120 crgo
446 1051 605 1106 brinnacum
632 1051 725 1104 insana
753 1047 911 1115 temeritas,

127 1145 279 1199 Creatorem
294 1153 444 1213 ieuiporum
462 1141 608 1211 praedicare
627 1141 678 1197 sub
700 1151 834 1209 tempore;
848 1138 912 1193 dum

126 1245 274 1290 coeternus
288 1234 369 1297 Patri,
379 1244 405 1289 et
420 1230 663 1299 consubstantialis,
673 1223 734 1287 eum
748 1239 841 1285 sancto
852 1228 912 1297 Spi-

129 1327 180 1378 ritu
196 1324 444 1379 incommutabiliter
470 1323 618 1392 unigenitus
643 1322 724 1377 Filius
748 1325 911 1392 perseuerat.

163 1414 242 1470 Vere.
255 1415 300 1467 ⁹20.
317 1413 378 1467 lion
389 1425 426 1466 ert
447 1414 515 1466 enim
528 1412 579 1466 iiiir
591 1412 762 1474 commutatio,
779 1419 802 1463 et
816 1425 867 1463 non
880 1408 912 1461 ti·

127 1514 241 1559 irruerant
258 1502 349 1558 Deam.
365 1502 507 1572 interiecto
528 1502 706 1570 diapsalmata
724 1502 795 1555 venit
812 1501 844 1554 ad
860 1512 913 1555 ter-

128 1609 190 1651 nam
204 1607 314 1667 partam.
331 1595 406 1651 Prius
420 1594 491 1649 cotio
508 1594 585 1648 sintita
602 1594 699 1663 pietate
720 1593 840 1648 coniecti
859 1606 911 1661 op·

128 1688 191 1741 iniit
213 1702 352 1743 errantes:
369 1701 439 1741 nuuc
460 1686 556 1739 virtute
580 1684 727 1739 divnitatis
751 1682 912 1739 succintoria

965 583 1097 639 rationem
1111 583 1221 637 nimiam
1233 597 1313 651 supra
1336 583 1423 637 oleum
1436 580 1598 650 periidormn
1614 596 1757 638 terniones

964 676 1026 733 dicit
1046 691 1107 733 esse
1128 677 1263 742 mollitas,
1283 691 1318 732 nc
1344 684 1419 731 tanto
1438 676 1531 731 sceleri
1556 691 1602 742 par
1624 677 1758 745 potuisset

964 767 1066 836 aliquid
1088 767 1214 821 inveniri.
1233 765 1288 838 ipsi
1308 767 1391 822 etiam
1411 767 1516 834 sumunt
1534 765 1634 835 jaculo,
1649 765 1758 836 quando

963 857 1088 913 dixerunt
1103 874 1111 915 :
1128 860 1195 914 Deua
1221 869 1256 914 cat
1278 860 1368 913 orariis
1394 858 1501 930 (liutein
1527 874 1600 924 riri,
1625 859 1687 929 etin
1704 859 1758 916 boe

964 951 1038 1005 enim
1052 965 1192 1005 sermones
1206 951 1243 1004 ilii
1261 951 1406 1021 probantur
1420 950 1551 1015 effecisse,
1567 950 1638 1020 quod
1648 952 1756 1021 jacula.

963 1042 986 1097 0
1000 1043 1164 1099 exsecranda
1186 1043 1328 1098 direnitas
1342 1044 1461 1110 putuisse
1474 1042 1597 1097 buminca
1611 1044 1702 1099 mollia
1716 1044 1755 1099 lo·

963 1136 1019 1206 qui,
1034 1149 1095 1190 cum
1108 1144 1201 1191 essent
1214 1145 1266 1189 tam
1279 1137 1345 1189 dura
1360 1135 1469 1189 iactari!

1000 1237 1075 1293 VerS.
1089 1238 1134 1294 et.
1147 1237 1222 1292 iacta
1235 1238 1262 1292 in
1277 1238 1358 1291 Deum
1370 1238 1509 1304 capitatum
1521 1246 1602 1301 tuum,
1618 1239 1707 1307 etipse
1732 1247 1756 1292 te

964 1329 1089 1392 enutriet,·
1111 1344 1163 1381 tion
1184 1327 1253 1381 itata
1273 1328 1300 1380 in
1320 1337 1441 1381 curetarum
1461 1328 1653 1397 fluctuationem
1670 1333 1757 1398 josto.

967 1419 1033 1473 Cum
1048 1418 1081 1473 de
1097 1418 1205 1488 persidis
1219 1417 1319 1472 indute
1340 1418 1457 1473 ecelesiis
1474 1417 1576 1484 justitia
1589 1419 1755 1485 loqueretur.

964 1509 1169 1564 saluberrimam
1184 1510 1325 1565 consilium
1347 1507 1445 1561 nostris
1460 1505 1658 1560 inliniritatiboo
1672 1509 1756 1561 deaiit.
1780 1520 1791 1549 r

963 1600 1096 1668 Cogitatio
1106 1601 1176 1653 cuim
1185 1599 1277 1653 caecidi
1291 1614 1340 1654 nos
1353 1612 1459 1667 semper
1473 1597 1692 1665 aldintonam
1703 1612 1761 1652 nim

964 1689 1133 1757 abjiciamus,
1161 1689 1314 1753 atterimur;
1343 1688 1412 1743 sicut
1436 1687 1561 1742 Salomon
1586 1689 1646 1741 ait:
1663 1688 1758 1755 Quem-

126 1794 298 1849 cognosccns
314 1793 421 1834 sericum
435 1793 465 1833 cs
480 1794 495 1832 c
509 1779 573 1833 dicit
588 1777 835 1833 iucommutabilem
850 1792 911 1847 per-
929 1779 951 1839 B
965 1782 1103 1834 admodum
1121 1780 1213 1834 aermir
1236 1780 1323 1852 ligno,
1337 1791 1361 1834 et
1383 1782 1450 1833 tinia
1471 1781 1634 1845 aestimarim·
1652 1781 1688 1833 ita
1711 1781 1758 1833 tri·

127 1870 251 1939 illorum,
264 1869 325 1937 quia
336 1868 435 1923 duritia
446 1869 543 1922 metitis
556 1882 610 1922 noti
623 1869 856 1938 pateratrcciperc
868 1882 913 1922 to·
962 1875 1033 1929 cirria
1050 1872 1100 1928 oiri
1122 1881 1195 1928 nocet
1214 1874 1286 1926 cordi
1309 1871 1401 1942 (Pron.
1415 1887 1481 1937 xrr,
1498 1868 1554 1941 2⁶3).
1571 1871 1625 1925 Sed
1649 1871 1758 1940 qiiaodo

127 1963 241 2016 ritatem.
258 1960 487 2015 denumerationem
501 1975 566 2015 tero
577 1960 677 2029 duplici
691 1961 769 2016 miodo
783 1961 913 2017 debemus
961 1964 1080 2034 jactatur
1096 1965 1122 2019 ia
1138 1964 1291 2029 Dominum,
1308 1978 1360 2018 nou
1376 1965 1462 2017 solnm
1476 1979 1529 2017 non
1543 1978 1591 2018 nos
1611 1965 1757 2030 eiiusnmit,

126 2050 258 2121 accipere,
287 2051 343 2105 iile
361 2049 438 2105 istam
454 2066 513 2119 rlttae
529 2051 571 2105 bic
587 2050 626 2118 itt,
642 2051 749 2121 quaudo
763 2052 796 2104 tid
810 2050 914 2106 eunies·
963 2056 1011 2111 scd
1025 2055 1107 2111 etiam
1120 2056 1221 2112 tiutrit:
1234 2062 1264 2109 ut
1279 2068 1337 2122 qum
1352 2053 1422 2108 solet
1436 2053 1607 2119 imminuere,
1627 2067 1760 2122 angmen-

126 2143 228 2195 ¹sionem
250 2143 320 2211 piam
337 2142 370 2196 ab
384 2142 517 2197 obstinata
540 2142 673 2196 uoluntate
692 2144 830 2209 transitur,
856 2145 914 2199 sire

127 2235 198 2287 iiiam
214 2248 292 2300 qnam
305 2232 370 2287 dicit
383 2233 548 2303 Apostolus:
566 2234 659 2287 Ostanes
681 2251 850 2305 resurgemus,
867 2236 912 2290 red

128 2343 178 2380 non
194 2344 279 2381 ararites
292 2327 479 2401 iinitimnbinmr
493 2326 519 2398 (l
533 2327 591 2381 Car.
607 2343 650 2394 xi,
667 2327 724 2396 bt).
743 2330 913 2397 Quapropter

126 2422 171 2490 iiiii
183 2422 226 2476 liic
239 2431 418 2477 commutatus
433 2438 484 2477 uon
498 2422 589 2485 litorii,
605 2423 639 2475 ibi
652 2437 704 2476 non
716 2431 806 2491 potet
816 2424 913 2476 imum·

127 2513 187 2566 tari.
200 2512 253 2567 Sed
267 2513 302 2568 de
320 2513 378 2569 istis
394 2515 489 2569 talibus
505 2530 587 2583 qume
601 2531 654 2568 iton
667 2514 913 2579 eotnzitntabontur,

125 2619 203 2659 emsa
218 2607 386 2675 subsequitur
401 2624 408 2660 :
423 2607 485 2677 quia
505 2624 555 2661 noa
581 2608 718 2661 tinnuerunt
736 2605 826 2659 Deum.
844 2606 911 2661 Nam

125 2696 169 2767 qui
186 2698 259 2753 tituet
272 2698 390 2767 Decima
404 2714 451 2754 saa
465 2700 574 2770 pertidia
587 2707 778 2763 commutatur,
794 2699 856 2752 daui
872 2699 913 2764 iu·

126 2789 188 2844 dicii
204 2807 300 2858 piarure
314 2802 340 2847 ct
351 2793 487 2847 ebaritntsss
499 2791 588 2846 studio
602 2792 678 2859 eligit
697 2791 840 2845 dominicis
852 2788 912 2861 jus·

126 2881 244 2937 sionibus
258 2883 375 2939 obedire.
388 2885 418 2938 Et
433 2892 495 2939 uota
509 2881 579 2953 qiiiid
600 2883 625 2936 io
646 2882 695 2936 linc
716 2892 743 2937 et
763 2883 789 2935 in
809 2881 914 2936 duobos

126 2973 184 3026 aliis
207 2976 325 3029 versibus
338 2977 381 3046 qui
398 2986 553 3045 sequuntur,
566 2975 666 3044 pariter
687 2989 780 3030 carum
794 2984 820 3030 et
836 2973 914 3029 ultio·

126 3077 173 3118 nes
187 3063 251 3117 dicit
262 3071 289 3117 et
300 3064 403 3133 cuipas.

162 3156 238 3210 l'ers.
253 3156 298 3211 et.
324 3155 442 3210 Extendat
465 3173 569 3210 uranum
593 3173 666 3211 suain
681 3159 707 3210 in
728 3149 946 3212 retribuendasC

126 3248 359 3301 contaminaverint
373 3256 548 3301 testamentum
565 3250 631 3320 ciris.
647 3248 705 3317 ipsa
721 3262 792 3301 nune
805 3248 910 3317 allego-

127 3339 182 3392 rice
194 3337 327 3405 dicuntur,
336 3354 394 3408 quac
404 3336 431 3392 iri
444 3337 531 3393 lutura
542 3339 643 3405 iudicio
660 3348 722 3392 sunt
737 3337 838 3407 agenda
851 3355 911 3394 cnm

128 3428 245 3495 perlidis.
264 3428 369 3483 liantuu
384 3428 425 3484 bic
440 3432 561 3484 virtutem
578 3430 813 3499 operationemque
826 3431 910 3499 sigui·

127 3522 196 3582 licat,
218 3536 278 3590 quae
301 3530 362 3575 tunc
377 3523 416 3588 tit,
439 3522 545 3590 quand-i
568 3522 611 3575 illa
633 3520 761 3575 discretio
777 3522 909 3575 bonorum

127 3613 310 3681 iuniorumque
325 3613 485 3680 provenerit.
494 3612 636 3682 Subiungit
646 3613 728 3667 etiarn
742 3627 790 3666 cnr
804 3611 911 3668 ludens

127 3718 203 3770 poeua
214 3703 360 3773 justissima
375 3714 554 3773 consequatur
568 3721 575 3770 ;
591 3704 652 3773 quia
668 3703 790 3758 mandata
806 3703 912 3759 Domini

127 3794 214 3863 proris
234 3795 336 3849 action.
359 3794 526 3863 polluerunt,
543 3810 593 3850 nec
620 3794 689 3862 passi
713 3804 776 3849 sunt
800 3794 912 3851 credere

125 3887 195 3954 quod
215 3885 255 3941 eis
276 3889 448 3958 cognoscitur
469 3886 666 3954 scripturarum
692 3887 788 3941 veritis
812 3886 912 3956 praedi·

125 3988 210 4028 casse.
224 3973 271 4028 illc
283 3975 354 4030 enini
368 3984 544 4029 tentamentum
557 3976 612 4037 Dei,
631 3984 759 4045 quantum
773 3964 849 4031 aare
860 3985 911 4038 ost,

125 4069 344 4138 containinat‚qui
365 4069 473 4125 minime
496 4070 579 4139 ipsius
601 4070 722 4140 imperiis
735 4070 909 4126 obsecundat.

164 4158 238 4215 Veis.
253 4159 299 4216 Ἠ,
315 4159 398 4214 Divisi
415 4169 474 4214 aaut
488 4161 518 4214 al
533 4160 575 4216 ira
592 4162 677 4216 unitus
697 4162 766 4230 eiam
777 4170 801 4215 et
818 4177 913 4233 appra-

125 4250 255 4320 pinquaait
268 4267 311 4305 aar
323 4251 389 4321 ejus.
403 4251 458 4306 liae
472 4251 537 4305 dicit
556 4251 627 4320 quad
645 4255 671 4306 in
690 4252 735 4307 illa
746 4254 913 4324 judicatione

126 4344 240 4396 iuturutii
255 4352 307 4395 est.
320 4341 557 4397 Diuidurtturetiim
573 4342 669 4411 perfidi
685 4358 699 4397 a
714 4344 811 4413 populo
826 4345 910 4411 fideii,

126 4441 153 4484 ct
174 4438 298 4500 tanquam
321 4445 423 4485 arsurae
437 4432 521 4500 paleae
541 4444 715 4501 segregantur
729 4449 743 4486 a
758 4438 857 4503 granis.
873 4435 912 4489 dir

964 2155 1018 2200 tum
1034 2147 1111 2201 uobis
1134 2146 1256 2200 videatur
1278 2144 1383 2200 alicrrc.
1401 2145 1538 2214 Sequitur,
1563 2160 1612 2197 tran
1635 2143 1707 2196 drmit
1730 2146 1759 2198 in

963 2249 1084 2293 mattam
1095 2239 1288 2307 fluctuationem
1297 2239 1380 2308 jttrto.
1396 2235 1464 2294 i'era
1484 2248 1524 2293 est
1540 2235 1644 2291 Dnttiiiii
1660 2237 1759 2291 iiiitiiu·

963 2330 1105 2398 tabilisquc
1125 2329 1270 2393 sententia,
1286 2330 1333 2384 sed
1353 2330 1376 2383 si
1391 2344 1450 2384 eam
1465 2345 1516 2399 qua
1531 2330 1602 2383 dicta
1622 2336 1664 2383 est
1687 2328 1760 2383 inte·

963 2419 1060 2488 gnitate
1074 2433 1226 2472 noscamus.
1239 2418 1322 2473 lusis
1336 2420 1361 2472 io
1375 2421 1428 2474 isto
1441 2421 1509 2487 solo,
1524 2420 1618 2474 seculi
1634 2436 1688 2475 ooo
1703 2420 1761 2475 adi·

966 2511 1014 2562 nni
1028 2508 1219 2576 fluctuationes,
1248 2510 1308 2576 quin
1325 2510 1368 2564 bic
1387 2524 1433 2563 cos
1451 2511 1634 2579 temporaliter
1647 2513 1757 2581 probat,

965 2607 993 2649 ut
1005 2596 1039 2651 ibi
1052 2610 1120 2665 quos
1133 2606 1247 2653 coronet
1260 2598 1389 2653 inveniat.
1398 2597 1430 2652 in
1442 2609 1565 2653 etenum
1575 2609 1676 2667 autem,
1686 2602 1760 2656 sicut

965 2683 1007 2737 bic
1024 2685 1098 2750 dicit,
1115 2687 1250 2741 nemiuem
1266 2688 1399 2757 peritiittit
1419 2688 1596 2757 jtistissiriium
1612 2691 1756 2757 fluctuare,

965 2774 1071 2841 operanda
1085 2775 1139 2842 jam
1161 2789 1288 2845 perpetua
1305 2793 1371 2846 pace
1388 2795 1449 2834 cuni
1464 2781 1529 2848 ipsis
1544 2783 1717 2851 cognoscitur
1729 2784 1758 2838 ia

965 2865 1115 2920 aeternitate
1130 2882 1250 2934 regnare.
1269 2868 1306 2921 lbi
1321 2868 1392 2923 enim
1408 2885 1573 2940 iieqitaquatn
1597 2872 1757 2929 excitabitur

964 2953 1073 3026 ductus,
1089 2959 1135 3012 ubi
1149 2970 1189 3013 cst
1202 2974 1310 3028 semper
1324 2961 1560 3030 tranquillissimus
1580 2974 1684 3031 portus.

999 3054 1077 3111 Vers.
1093 3058 1138 3113 ί25.
1151 3057 1192 3111 Tu
1207 3075 1275 3126 aero,
1288 3060 1368 3130 Deua,
1384 3063 1491 3119 deducet
1505 3079 1546 3117 aaa
1561 3064 1587 3117 in
1600 3074 1704 3135 proteum
1714 3066 1759 3120 iri-

962 3149 1062 3204 tcritae.
1074 3148 1142 3215 Quia
1153 3150 1220 3205 dixit
1234 3150 1267 3205 de
1278 3152 1368 3220 justis.
1382 3170 1453 3209 nuuc
1467 3154 1531 3208 dicit
1545 3155 1580 3210 de
1595 3158 1696 3225 impiis,
1709 3158 1756 3228 qui

964 3240 991 3294 iii
1014 3238 1145 3309 gelacourt
1168 3241 1375 3310 prolanditatem
1403 3246 1540 3314 mergendi
1566 3257 1639 3301 sunt.
1657 3246 1758 3304 rutena

963 3331 1069 3403 quidem
1085 3333 1184 3389 dicitur
1200 3335 1287 3390 bintus
1299 3344 1403 3405 patens,
1419 3337 1445 3390 iu
1461 3347 1540 3393 terre
1555 3340 1658 3393 sinibus
1673 3355 1758 3397 exea·

963 3431 1050 3488 ratiis,
1063 3438 1146 3494 aquas
1159 3425 1299 3480 continens
1311 3426 1433 3481 ltunranis
1446 3429 1537 3483 usibus
1550 3430 1628 3500 186
1641 3432 1758 3487 attribu·

963 3521 1013 3570 tas.
1028 3516 1082 3571 Sed
1098 3531 1131 3571 ne
1151 3516 1221 3571 lianc
1235 3528 1337 3589 puteum
1354 3521 1461 3574 vitalem
1482 3519 1634 3590 intelligere
1650 3525 1755 3591 potuis·

962 3620 1016 3676 ses,
1030 3607 1143 3672 addidit,
1158 3609 1298 3662 interitus:
1314 3609 1348 3663 de
1361 3624 1415 3678 quo
1437 3612 1491 3665 alio
1513 3614 1539 3665 in
1555 3612 1614 3666 ioco
1634 3614 1754 3683 legitur:

964 3696 1054 3765 Neque
1074 3700 1173 3767 aperiat
1191 3715 1269 3766 auprr
1283 3714 1322 3751 mc
1335 3710 1425 3767 pateas
1436 3717 1464 3754 aa
1476 3717 1550 3754 aarum
1563 3700 1649 3771 (erat.
1662 3719 1754 3770 civiti.

965 3789 1021 3859 itii.
1034 3789 1121 3845 Furea
1136 3791 1265 3856 mortalis,
1280 3804 1401 3844 mersura
1421 3792 1557 3857 terribilis,
1574 3792 1616 3847 ubi
1633 3809 1684 3849 nec
1694 3810 1755 3865 spe·

964 3880 1028 3933 titini
1040 3882 1122 3935 ullum
1137 3882 1303 3947 conceditur,
1315 3895 1364 3936 ricc
1375 3882 1431 3951 ipsi
1442 3882 1546 3937 miserie
1558 3885 1754 3952 respiramenta

964 3981 1140 4039 prestantem
1163 3974 1209 4028 sed
1234 3974 1383 4029 obscuritas
1408 3973 1548 4029 tenebrosa
1569 3976 1752 4045 circumdans,

963 4064 1061 4119 atnoeni
1076 4066 1183 4120 lautitiis
1207 4067 1275 4121 tollit
1299 4075 1447 4136 aspectum.
1465 4067 1504 4121 Ex
1529 4069 1601 4134 piutei
1617 4068 1753 4137 siquidem

962 4157 1148 4224 eitiiiiitudine,
1160 4161 1290 4230 gehenne
1305 4169 1437 4216 tormenti
1455 4176 1504 4215 nos
1518 4161 1647 4216 aditionet
1662 4161 1755 4217 lorini·

962 4246 1072 4302 daret)
1088 4247 1173 4316 pietas
1191 4250 1309 4304 inaudita
1323 4252 1484 4318 judicantis!
1501 4259 1584 4305 totum
1600 4251 1755 4308 bominibus

963 4340 1126 4408 predicitur,
1142 4351 1171 4394 ut
1181 4341 1259 4411 eulpa
1274 4344 1419 4411 plectibilis
1431 4346 1556 4400 evitetur.

1002 4439 1076 4500 Veis.
1090 4440 1137 4496 26.
1155 4440 1211 4494 Viri
1224 4444 1376 4511 reinquinare
1387 4453 1410 4495 et
1422 4443 1505 4497 dolori
1519 4460 1569 4497 non
1584 4444 1756 4500 diritidiabant

125 4521 165 4572 ire
184 4519 268 4572 uultur
282 4520 349 4589 ejus,
361 4518 452 4587 judicii
469 4530 574 4591 tempus
594 4525 762 4593 exprimitur.
779 4525 824 4578 lra
838 4526 910 4581 cuim
926 4515 1018 4583 Duras
1037 4545 1108 4584 ruer.
1130 4531 1275 4585 Numerum
1298 4531 1425 4598 pluralem
1459 4534 1566 4605 salignis
1588 4533 1681 4589 Latina
1705 4537 1757 4591 lin·

127 4611 169 4665 liic
184 4610 362 4680 praeiudicia
376 4612 492 4681 ponitur,
508 4630 587 4683 quam
603 4629 651 4683 pro
670 4616 725 4670 suis
739 4618 843 4674 actibus
862 4620 911 4674 im·
963 4634 1012 4689 gua
1034 4634 1087 4673 non
1108 4621 1216 4688 recipit;
1232 4622 1279 4674 sed
1305 4621 1355 4674 boc
1379 4623 1464 4687 iringis
1487 4623 1633 4693 Scriptores
1657 4626 1756 4680 utrina

127 4702 160 4770 pii
180 4704 357 4758 sustinebunt.
375 4702 505 4760 Ceterum
526 4706 572 4761 ille
591 4708 842 4766 incommutabiliter
853 4726 912 4767 om·
965 4711 1100 4778 proprium
1111 4726 1172 4765 esse
1186 4713 1310 4767 dicimus.
1321 4712 1376 4766 i⁷iri
1384 4714 1514 4782 siquidem
1527 4717 1681 4786 scirpuinain
1694 4734 1757 4785 prn-

126 4795 167 4847 uia
193 4795 350 4865 placideque
362 4796 483 4852 decernit
502 4796 566 4870 [cd.,
586 4800 735 4874 discertilt].
751 4801 870 4867 Addidit,
887 4813 911 4858 et
965 4799 1090 4867 prienen
1106 4800 1288 4871 dicunturqui
1310 4804 1466 4857 innocenter
1481 4805 1624 4859 liiiuianuni
1641 4807 1758 4865 iniidunt

125 4889 334 4957 appropinquarit
349 4904 394 4943 car
405 4891 471 4960 einr.
487 4889 574 4959 tonui
597 4891 684 4947 adbuc
706 4903 811 4962 tempus
824 4908 910 4961 erpo·

126 4978 175 5042 nit,
185 4980 290 5048 ganatida
302 4995 345 5033 car
360 4982 476 5047 bonini,
485 4982 510 5035 id
524 4991 566 5037 est
577 4983 699 5037 voluutas
711 4982 771 5052 ejus
786 4984 911 5040 omnibus

126 5069 275 5123 innotescit.
287 5068 335 5124 llio
345 5072 416 5124 enim
429 5052 549 5138 tci‘npore
562 5073 773 5141 appropinquarit
786 5089 830 5127 car
843 5076 910 5146 ejas,

125 5161 232 5228 ‹quaiido
246 5159 310 5213 iilud
325 5160 394 5228 quod
411 5160 453 5215 bic
469 5176 516 5228 per
528 5160 672 5228 propbetas
682 5174 746 5217 sirus
760 5164 908 5232 praecinuit,

125 5258 152 5302 et
168 5264 213 5317 per
228 5248 371 5316 Apostolos
386 5248 549 5317 praedicarit,
566 5250 727 5319 generalitas
748 5252 911 5305 tminilestir·

125 5339 193 5394 sitne
205 5349 267 5394 tunc
280 5339 388 5394 videbit.
398 5340 451 5395 Sed
461 5354 510 5395 cur
524 5341 569 5394 illa
586 5341 665 5395 iaciat
678 5357 737 5410 qme
752 5342 822 5396 dicta
835 5356 910 5410 suut,

125 5428 317 5498 subsequenter
331 5430 451 5500 exponit.

162 5517 235 5573 Vere.
251 5519 297 5576 Di.
312 5519 461 5575 Mollierunt
475 5537 601 5575 sermones
615 5538 675 5577 suos
688 5540 764 5591 cuper
779 5526 873 5589 oleum,
885 5534 910 5580 ct

125 5609 174 5675 ipsi
187 5621 245 5664 iniit
253 5613 351 5680 jaculet.
364 5612 512 5667 Martinam
528 5617 598 5667 enini
611 5614 703 5681 petitur
714 5615 798 5670 iuilcei
812 5634 910 5670 sermo·

125 5711 169 5751 tter
179 5713 249 5765 attor,
262 5700 368 5769 (quaudo
377 5704 517 5758 dicebant:
533 5703 664 5773 linquar,
674 5705 767 5758 scimur
786 5707 908 5763 acarnani

965 4905 1099 4957 cruorem,
1114 4891 1240 4959 qnoniam
1256 4904 1282 4945 et
1296 4892 1360 4962 justi
1380 4894 1483 4962 jinlices
1496 4894 1645 4963 disciplinae
1660 4904 1757 4953 iteres·

962 4983 1041 5037 sitate
1054 4983 1204 5049 satistricti,
1219 4999 1278 5051 qum
1300 4987 1404 5053 ipiietns
1427 4988 1542 5055 populos
1555 4987 1653 5051 recidit,
1673 4991 1759 5042 intor-

964 5072 1026 5127 dom
1039 5074 1152 5142 partiunt
1164 5085 1307 5137 nucetues;
1320 5086 1346 5129 et
1358 5076 1402 5128 ilie
1416 5076 1459 5144 qui
1475 5078 1619 5130 violentum
1634 5084 1757 5146 respodit,

963 5178 1087 5218 cruorem
1101 5164 1242 5217 saevissimi
1259 5164 1342 5219 bostis
1356 5165 1487 5220 eiluiidit:
1505 5168 1621 5223 inarime
1635 5183 1699 5223 cani
1717 5170 1758 5224 lc-

963 5270 1054 5325 gauius
1063 5255 1135 5324 justa
1150 5256 1218 5310 bella
1235 5258 1299 5309 rii-is
1313 5268 1412 5311 sanctis
1427 5274 1441 5309 a
1457 5258 1572 5311 Duuiioo
1589 5260 1673 5315 tuisse
1688 5278 1758 5331 piu·-

963 5360 1049 5412 eepta.
1066 5355 1233 5418 Quapropter
1247 5349 1359 5413 addidit,
1375 5361 1398 5401 ct
1413 5348 1512 5413 dolori]
1523 5360 1551 5405 ut
1561 5352 1636 5404 illino
1650 5363 1756 5407 lattlitut

964 5440 1123 5508 intelligeres
1145 5455 1231 5505 remu,
1248 5442 1291 5508 riui
1313 5456 1360 5510 per
1381 5441 1491 5497 insidias
1509 5452 1535 5496 ct
1551 5441 1755 5510 litiqtrissiitittut

963 5529 1194 5596 dominabamini
1218 5533 1313 5598 querit
1333 5533 1453 5587 exitium.
1472 5533 1525 5586 llos
1548 5534 1615 5587 tales
1638 5534 1757 5602 implere

963 5634 1015 5673 nou
1030 5619 1094 5672 dicit
1107 5619 1166 5673 dies
1187 5635 1261 5686 sitris,
1278 5622 1384 5690 qumtdo
1405 5638 1466 5675 rum
1480 5624 1530 5676 sibi
1546 5624 1652 5691 longam
1670 5628 1754 5682 ritant

963 5711 1138 5782 protiii'tuiit,
1164 5712 1264 5766 exitum
1294 5713 1442 5767 aeteruum
1475 5716 1570 5769 inertis
1596 5714 1751 5775 interimat.
