<?xml version="1.0" encoding="UTF-8"?>
<!DOCTYPE html PUBLIC "-//W3C//DTD XHTML 1.0 Transitional//EN"
    "http://www.w3.org/TR/xhtml1/DTD/xhtml1-transitional.dtd">
<html xmlns="http://www.w3.org/1999/xhtml" xml:lang="en" lang="en">
 <head>
  <title>
</title>
<meta http-equiv="Content-Type" content="text/html;charset=utf-8" />
  <meta name='ocr-system' content='tesseract 3.04.00' />
  <meta name='ocr-capabilities' content='ocr_page ocr_carea ocr_par ocr_line ocrx_word'/>
</head>
<body>
  <div class='ocr_page' id='page_1' title='image "./patrologiaecurs27goog_0222.png"; bbox 0 0 3794 6128; ppageno 0'>
   <div class='ocr_carea' id='block_1_1' title="bbox 144 377 198 435">
    <p class='ocr_par' dir='ltr' id='par_1_1' title="bbox 144 377 198 435">
     <span class='ocr_line' id='line_1_1' title="bbox 144 377 198 435; baseline 0 -1"><span class='ocrx_word' id='word_1_1' title='bbox 144 377 198 435; x_wconf 74' lang='lat' dir='ltr'><strong><em>tlt</em></strong></span> 
     </span>
    </p>
   </div>
   <div class='ocr_carea' id='block_1_2' title="bbox 609 373 1319 432">
    <p class='ocr_par' dir='ltr' id='par_1_2' title="bbox 609 373 1319 432">
     <span class='ocr_line' id='line_1_2' title="bbox 609 373 1319 432; baseline -0.003 0"><span class='ocrx_word' id='word_1_2' title='bbox 609 375 753 432; x_wconf 70' lang='lat' dir='ltr'><strong><em>ltxtteslt</em></strong></span> <span class='ocrx_word' id='word_1_3' title='bbox 755 374 788 431; x_wconf 85' lang='grc'><strong><em>10</em></strong></span> <span class='ocrx_word' id='word_1_4' title='bbox 806 374 839 430; x_wconf 74' lang='lat' dir='ltr'><strong><em>ta</em></strong></span> <span class='ocrx_word' id='word_1_5' title='bbox 859 373 1089 431; x_wconf 78' lang='lat' dir='ltr'><strong><em>tstltttnnttl.</em></strong></span> <span class='ocrx_word' id='word_1_6' title='bbox 1112 375 1211 431; x_wconf 70' lang='lat' dir='ltr'><strong><em>PSriL.</em></strong></span> <span class='ocrx_word' id='word_1_7' title='bbox 1232 377 1319 432; x_wconf 83' lang='lat' dir='ltr'><strong><em>tt&#39;ltl.</em></strong></span> 
     </span>
    </p>
   </div>
   <div class='ocr_carea' id='block_1_3' title="bbox 1733 374 1786 434">
    <p class='ocr_par' dir='ltr' id='par_1_3' title="bbox 1733 374 1786 434">
     <span class='ocr_line' id='line_1_3' title="bbox 1733 374 1786 434; baseline 0.094 -4"><span class='ocrx_word' id='word_1_8' title='bbox 1733 374 1786 434; x_wconf 83' lang='lat' dir='ltr'><strong><em>ttt</em></strong></span> 
     </span>
    </p>
   </div>
   <div class='ocr_carea' id='block_1_4' title="bbox 181 489 1786 564">
    <p class='ocr_par' dir='ltr' id='par_1_4' title="bbox 181 489 1786 564">
     <span class='ocr_line' id='line_1_4' title="bbox 181 489 1786 564; baseline 0 -16"><span class='ocrx_word' id='word_1_9' title='bbox 181 491 260 549; x_wconf 69' lang='lat' dir='ltr'><strong><em>Vere.</em></strong></span> <span class='ocrx_word' id='word_1_10' title='bbox 272 492 299 546; x_wconf 84' lang='lat' dir='ltr'><strong><em>t.</em></strong></span> <span class='ocrx_word' id='word_1_11' title='bbox 320 490 501 548; x_wconf 80' lang='lat' dir='ltr'><strong><em>Correertentur</em></strong></span> <span class='ocrx_word' id='word_1_12' title='bbox 511 491 545 547; x_wconf 86' lang='lat' dir='ltr'><strong><em>od</em></strong></span> <span class='ocrx_word' id='word_1_13' title='bbox 556 507 693 562; x_wconf 83' lang='lat' dir='ltr'><strong><em>uesperum,</em></strong></span> <span class='ocrx_word' id='word_1_14' title='bbox 704 502 726 544; x_wconf 91' lang='lat' dir='ltr'><strong><em>et</em></strong></span> <span class='ocrx_word' id='word_1_15' title='bbox 737 491 830 562; x_wconf 75' lang='lat' dir='ltr'><strong><em>[nerem</em></strong></span> <span class='ocrx_word' id='word_1_16' title='bbox 844 491 938 559; x_wconf 87' lang='lat' dir='ltr'><strong><em>putieu-</em></strong></span> <span class='ocrx_word' id='word_1_17' title='bbox 954 489 1095 552; x_wconf 73' lang='lat' dir='ltr'><strong><em>Atrubebis</em></strong></span> <span class='ocrx_word' id='word_1_18' title='bbox 1116 508 1202 546; x_wconf 85' lang='lat' dir='ltr'><strong><em>errmer</em></strong></span> <span class='ocrx_word' id='word_1_19' title='bbox 1225 504 1323 561; x_wconf 85' lang='lat' dir='ltr'><strong><em>pentes.</em></strong></span> <span class='ocrx_word' id='word_1_20' title='bbox 1338 493 1489 547; x_wconf 88' lang='lat' dir='ltr'><strong><em>lrridemlos</em></strong></span> <span class='ocrx_word' id='word_1_21' title='bbox 1503 508 1549 549; x_wconf 86' lang='lat' dir='ltr'><strong><em>ces</em></strong></span> <span class='ocrx_word' id='word_1_22' title='bbox 1563 493 1727 562; x_wconf 73' lang='lat' dir='ltr'>pronuntiat,</span> <span class='ocrx_word' id='word_1_23' title='bbox 1739 493 1786 564; x_wconf 87' lang='lat' dir='ltr'><strong><em>qttl</em></strong></span> 
     </span>
    </p>
   </div>
   <div class='ocr_carea' id='block_1_5' title="bbox 145 581 941 1847">
    <p class='ocr_par' dir='ltr' id='par_1_5' title="bbox 145 581 941 1847">
     <span class='ocr_line' id='line_1_5' title="bbox 145 581 937 650; baseline -0.006 -10"><span class='ocrx_word' id='word_1_24' title='bbox 145 594 188 641; x_wconf 86' lang='lat' dir='ltr'><strong><em>tur</em></strong></span> <span class='ocrx_word' id='word_1_25' title='bbox 199 593 229 637; x_wconf 84' lang='lat' dir='ltr'><strong><em>ut</em></strong></span> <span class='ocrx_word' id='word_1_26' title='bbox 243 599 331 650; x_wconf 83' lang='lat' dir='ltr'><strong><em>cenes,</em></strong></span> <span class='ocrx_word' id='word_1_27' title='bbox 352 591 376 637; x_wconf 85' lang='lat' dir='ltr'><strong><em>et</em></strong></span> <span class='ocrx_word' id='word_1_28' title='bbox 394 583 536 637; x_wconf 86' lang='lat' dir='ltr'><strong><em>circuibunt</em></strong></span> <span class='ocrx_word' id='word_1_29' title='bbox 551 584 687 636; x_wconf 78' lang='lat' dir='ltr'><strong><em>civitatens.</em></strong></span> <span class='ocrx_word' id='word_1_30' title='bbox 704 582 817 636; x_wconf 78' lang='lat' dir='ltr'><strong><em>Ventum</em></strong></span> <span class='ocrx_word' id='word_1_31' title='bbox 841 590 883 636; x_wconf 86' lang='lat' dir='ltr'><strong><em>est</em></strong></span> <span class='ocrx_word' id='word_1_32' title='bbox 903 581 937 635; x_wconf 90' lang='lat' dir='ltr'><strong><em>ad</em></strong></span> 
     </span>
     <span class='ocr_line' id='line_1_6' title="bbox 146 672 941 751; baseline -0.004 -22"><span class='ocrx_word' id='word_1_33' title='bbox 146 676 240 748; x_wconf 75' lang='lat' dir='ltr'><strong><em>puellm</em></strong></span> <span class='ocrx_word' id='word_1_34' title='bbox 251 674 362 746; x_wconf 81' lang='lat' dir='ltr'><strong><em>januam</em></strong></span> <span class='ocrx_word' id='word_1_35' title='bbox 375 674 519 730; x_wconf 83' lang='lat' dir='ltr'><strong><em>secundant</em></strong></span> <span class='ocrx_word' id='word_1_36' title='bbox 533 681 541 740; x_wconf 82' lang='lat'><strong><em>,&#39;</em></strong></span> <span class='ocrx_word' id='word_1_37' title='bbox 559 675 584 728; x_wconf 89' lang='lat' dir='ltr'><strong><em>in</em></strong></span> <span class='ocrx_word' id='word_1_38' title='bbox 598 688 647 742; x_wconf 90' lang='lat' dir='ltr'><strong><em>qua</em></strong></span> <span class='ocrx_word' id='word_1_39' title='bbox 669 672 770 727; x_wconf 83' lang='lat' dir='ltr'><strong><em>iudaiei</em></strong></span> <span class='ocrx_word' id='word_1_40' title='bbox 780 747 782 751; x_wconf 23' lang='grc' dir='ltr'>Ι</span> <span class='ocrx_word' id='word_1_41' title='bbox 792 672 882 741; x_wconf 91' lang='lat' dir='ltr'><strong><em>populi</em></strong></span> <span class='ocrx_word' id='word_1_42' title='bbox 901 672 941 726; x_wconf 87' lang='lat' dir='ltr'><strong><em>lu·</em></strong></span> 
     </span>
     <span class='ocr_line' id='line_1_7' title="bbox 148 762 941 838; baseline -0.006 -15"><span class='ocrx_word' id='word_1_43' title='bbox 148 777 204 823; x_wconf 86' lang='lat' dir='ltr'><strong><em>tura</em></strong></span> <span class='ocrx_word' id='word_1_44' title='bbox 229 767 372 838; x_wconf 79' lang='lat' dir='ltr'><strong><em>conuersip</em></strong></span> <span class='ocrx_word' id='word_1_45' title='bbox 395 765 554 820; x_wconf 72' lang='lat' dir='ltr'>declaratur.</span> <span class='ocrx_word' id='word_1_46' title='bbox 582 765 720 834; x_wconf 74' lang='lat' dir='ltr'><strong><em>Significat</em></strong></span> <span class='ocrx_word' id='word_1_47' title='bbox 746 779 809 833; x_wconf 80' lang='lat' dir='ltr'><strong><em>erge</em></strong></span> <span class='ocrx_word' id='word_1_48' title='bbox 836 765 861 816; x_wconf 92' lang='lat' dir='ltr'><strong><em>lu</em></strong></span> <span class='ocrx_word' id='word_1_49' title='bbox 888 762 941 818; x_wconf 86' lang='lat' dir='ltr'><strong><em>llue</em></strong></span> 
     </span>
     <span class='ocr_line' id='line_1_8' title="bbox 148 855 938 921; baseline -0.008 -6"><span class='ocrx_word' id='word_1_50' title='bbox 148 857 240 915; x_wconf 85' lang='lat' dir='ltr'><strong><em>mundi</em></strong></span> <span class='ocrx_word' id='word_1_51' title='bbox 257 874 291 914; x_wconf 83' lang='lat' dir='ltr'><strong><em>cx</em></strong></span> <span class='ocrx_word' id='word_1_52' title='bbox 306 858 347 914; x_wconf 87' lang='lat' dir='ltr'><strong><em>eis</em></strong></span> <span class='ocrx_word' id='word_1_53' title='bbox 367 857 522 913; x_wconf 87' lang='lat' dir='ltr'><strong><em>innumeros</em></strong></span> <span class='ocrx_word' id='word_1_54' title='bbox 547 856 662 911; x_wconf 82' lang='lat' dir='ltr'><strong><em>llorrriuo</em></strong></span> <span class='ocrx_word' id='word_1_55' title='bbox 685 870 745 911; x_wconf 86' lang='lat' dir='ltr'><strong><em>esse</em></strong></span> <span class='ocrx_word' id='word_1_56' title='bbox 767 855 938 921; x_wconf 86' lang='lat' dir='ltr'><strong><em>credituros;</em></strong></span> 
     </span>
     <span class='ocr_line' id='line_1_9' title="bbox 147 948 938 1022; baseline -0.008 -16"><span class='ocrx_word' id='word_1_57' title='bbox 147 952 215 1022; x_wconf 89' lang='lat' dir='ltr'><strong><em>quod</em></strong></span> <span class='ocrx_word' id='word_1_58' title='bbox 227 950 410 1021; x_wconf 78' lang='lat' dir='ltr'><strong><em>etdpestolus</em></strong></span> <span class='ocrx_word' id='word_1_59' title='bbox 426 949 512 1005; x_wconf 87' lang='lat' dir='ltr'><strong><em>dicit:</em></strong></span> <span class='ocrx_word' id='word_1_60' title='bbox 525 948 595 1003; x_wconf 86' lang='lat' dir='ltr'><strong><em>Nolo</em></strong></span> <span class='ocrx_word' id='word_1_61' title='bbox 618 965 661 1002; x_wconf 83' lang='lat' dir='ltr'><strong><em>eor</em></strong></span> <span class='ocrx_word' id='word_1_62' title='bbox 678 951 809 1017; x_wconf 80' lang='lat' dir='ltr'><strong><em>iprternre,</em></strong></span> <span class='ocrx_word' id='word_1_63' title='bbox 834 952 938 1014; x_wconf 77' lang='lat' dir='ltr'><strong><em>fratrer,</em></strong></span> 
     </span>
     <span class='ocr_line' id='line_1_10' title="bbox 147 1039 940 1114; baseline -0.009 -15"><span class='ocrx_word' id='word_1_64' title='bbox 147 1043 295 1114; x_wconf 67' lang='lat' dir='ltr'><strong><em>aquenum</em></strong></span> <span class='ocrx_word' id='word_1_65' title='bbox 320 1041 379 1108; x_wconf 87' lang='lat' dir='ltr'><strong><em>boc,</em></strong></span> <span class='ocrx_word' id='word_1_66' title='bbox 402 1053 429 1097; x_wconf 89' lang='lat' dir='ltr'><strong><em>ut</em></strong></span> <span class='ocrx_word' id='word_1_67' title='bbox 447 1058 499 1096; x_wconf 87' lang='lat' dir='ltr'><strong><em>nen</em></strong></span> <span class='ocrx_word' id='word_1_68' title='bbox 514 1043 569 1096; x_wconf 87' lang='lat' dir='ltr'><strong><em>ritis</em></strong></span> <span class='ocrx_word' id='word_1_69' title='bbox 583 1040 716 1108; x_wconf 70' lang='lat' dir='ltr'><strong><em>vobisipsis</em></strong></span> <span class='ocrx_word' id='word_1_70' title='bbox 727 1041 863 1110; x_wconf 82' lang='lat' dir='ltr'><strong><em>supienter,</em></strong></span> <span class='ocrx_word' id='word_1_71' title='bbox 879 1039 940 1110; x_wconf 91' lang='lat' dir='ltr'><strong><em>qniu</em></strong></span> 
     </span>
     <span class='ocr_line' id='line_1_11' title="bbox 145 1131 940 1206; baseline -0.005 -18"><span class='ocrx_word' id='word_1_72' title='bbox 145 1137 248 1191; x_wconf 73' lang='lat' dir='ltr'><strong><em>entitur</em></strong></span> <span class='ocrx_word' id='word_1_73' title='bbox 269 1143 385 1204; x_wconf 79' lang='lat' dir='ltr'><strong><em>rotperto</em></strong></span> <span class='ocrx_word' id='word_1_74' title='bbox 399 1131 484 1188; x_wconf 80' lang='lat' dir='ltr'><strong><em>irruet</em></strong></span> <span class='ocrx_word' id='word_1_75' title='bbox 498 1134 625 1206; x_wconf 76' lang='lat' dir='ltr'><strong><em>eonttptt,</em></strong></span> <span class='ocrx_word' id='word_1_76' title='bbox 641 1134 720 1186; x_wconf 87' lang='lat' dir='ltr'><strong><em>donec</em></strong></span> <span class='ocrx_word' id='word_1_77' title='bbox 729 1132 861 1203; x_wconf 86' lang='lat' dir='ltr'><strong><em>plenitudo</em></strong></span> <span class='ocrx_word' id='word_1_78' title='bbox 875 1148 940 1202; x_wconf 83' lang='lat' dir='ltr'><strong><em>peu·</em></strong></span> 
     </span>
     <span class='ocr_line' id='line_1_12' title="bbox 147 1222 941 1293; baseline -0.009 -11"><span class='ocrx_word' id='word_1_79' title='bbox 147 1230 208 1282; x_wconf 82' lang='lat' dir='ltr'><strong><em>tittm</em></strong></span> <span class='ocrx_word' id='word_1_80' title='bbox 234 1226 373 1292; x_wconf 73' lang='lat' dir='ltr'><strong><em>introiret,</em></strong></span> <span class='ocrx_word' id='word_1_81' title='bbox 410 1236 432 1280; x_wconf 87' lang='lat' dir='ltr'><strong><em>et</em></strong></span> <span class='ocrx_word' id='word_1_82' title='bbox 459 1225 497 1279; x_wconf 87' lang='lat' dir='ltr'><strong><em>ric</em></strong></span> <span class='ocrx_word' id='word_1_83' title='bbox 526 1224 609 1279; x_wconf 86' lang='lat' dir='ltr'><strong><em>etrtuir</em></strong></span> <span class='ocrx_word' id='word_1_84' title='bbox 641 1222 725 1278; x_wconf 77' lang='lat' dir='ltr'><strong><em>Irrue!</em></strong></span> <span class='ocrx_word' id='word_1_85' title='bbox 759 1225 843 1278; x_wconf 85' lang='lat' dir='ltr'><strong><em>salens</em></strong></span> <span class='ocrx_word' id='word_1_86' title='bbox 869 1223 941 1293; x_wconf 70' lang='lat' dir='ltr'><strong><em>ficret</em></strong></span> 
     </span>
     <span class='ocr_line' id='line_1_13' title="bbox 150 1310 940 1385; baseline -0.001 -16"><span class='ocrx_word' id='word_1_87' title='bbox 150 1310 236 1379; x_wconf 82' lang='lat' dir='ltr'><strong><em>(lione.</em></strong></span> <span class='ocrx_word' id='word_1_88' title='bbox 254 1330 297 1383; x_wconf 74' lang='grc' dir='ltr'>ιι,</span> <span class='ocrx_word' id='word_1_89' title='bbox 312 1315 370 1385; x_wconf 76' lang='lat' dir='ltr'><strong><em>ts),</em></strong></span> <span class='ocrx_word' id='word_1_90' title='bbox 388 1326 441 1371; x_wconf 89' lang='lat' dir='ltr'><strong><em>etc.</em></strong></span> <span class='ocrx_word' id='word_1_91' title='bbox 457 1313 539 1369; x_wconf 69' lang='lat' dir='ltr'><strong><em>Vides</em></strong></span> <span class='ocrx_word' id='word_1_92' title='bbox 554 1327 580 1370; x_wconf 88' lang='lat' dir='ltr'><strong><em>et</em></strong></span> <span class='ocrx_word' id='word_1_93' title='bbox 595 1315 630 1369; x_wconf 90' lang='lat' dir='ltr'><strong><em>ibi</em></strong></span> <span class='ocrx_word' id='word_1_94' title='bbox 647 1315 808 1384; x_wconf 89' lang='lat' dir='ltr'><strong><em>premissum</em></strong></span> <span class='ocrx_word' id='word_1_95' title='bbox 823 1329 893 1379; x_wconf 85' lang='lat' dir='ltr'><strong><em>csse,</em></strong></span> <span class='ocrx_word' id='word_1_96' title='bbox 913 1325 940 1368; x_wconf 92' lang='lat' dir='ltr'><strong><em>ut</em></strong></span> 
     </span>
     <span class='ocr_line' id='line_1_14' title="bbox 148 1406 941 1477; baseline -0.005 -15"><span class='ocrx_word' id='word_1_97' title='bbox 148 1409 269 1477; x_wconf 77' lang='lat' dir='ltr'><strong><em>quamvis</em></strong></span> <span class='ocrx_word' id='word_1_98' title='bbox 291 1421 366 1474; x_wconf 81' lang='lat' dir='ltr'><strong><em>sera,</em></strong></span> <span class='ocrx_word' id='word_1_99' title='bbox 394 1416 482 1461; x_wconf 84' lang='lat' dir='ltr'><strong><em>tantun</em></strong></span> <span class='ocrx_word' id='word_1_100' title='bbox 504 1407 648 1475; x_wconf 89' lang='lat' dir='ltr'><strong><em>aliquando</em></strong></span> <span class='ocrx_word' id='word_1_101' title='bbox 667 1406 804 1460; x_wconf 75' lang='lat' dir='ltr'><strong><em>salutifera</em></strong></span> <span class='ocrx_word' id='word_1_102' title='bbox 826 1421 941 1461; x_wconf 76' lang='lat' dir='ltr'><strong><em>corrrct-</em></strong></span> 
     </span>
     <span class='ocr_line' id='line_1_15' title="bbox 148 1496 941 1564; baseline -0.008 -9"><span class='ocrx_word' id='word_1_103' title='bbox 148 1499 219 1555; x_wconf 81' lang='lat' dir='ltr'><strong><em>tiene</em></strong></span> <span class='ocrx_word' id='word_1_104' title='bbox 234 1500 391 1564; x_wconf 78' lang='lat' dir='ltr'><strong><em>salventur3</em></strong></span> <span class='ocrx_word' id='word_1_105' title='bbox 410 1507 438 1552; x_wconf 90' lang='lat' dir='ltr'><strong><em>et</em></strong></span> <span class='ocrx_word' id='word_1_106' title='bbox 452 1496 512 1551; x_wconf 87' lang='lat' dir='ltr'><strong><em>idco</em></strong></span> <span class='ocrx_word' id='word_1_107' title='bbox 527 1496 559 1550; x_wconf 89' lang='lat' dir='ltr'><strong><em>ad</em></strong></span> <span class='ocrx_word' id='word_1_108' title='bbox 574 1497 776 1551; x_wconf 85' lang='lat' dir='ltr'><strong><em>sinrilitrnlinem</em></strong></span> <span class='ocrx_word' id='word_1_109' title='bbox 795 1497 858 1558; x_wconf 81' lang='lat' dir='ltr'><strong><em>diri,</em></strong></span> <span class='ocrx_word' id='word_1_110' title='bbox 881 1496 941 1550; x_wconf 83' lang='lat' dir='ltr'><strong><em>linis</em></strong></span> 
     </span>
     <span class='ocr_line' id='line_1_16' title="bbox 148 1588 939 1661; baseline -0.006 -17"><span class='ocrx_word' id='word_1_111' title='bbox 148 1590 237 1644; x_wconf 89' lang='lat' dir='ltr'><strong><em>muudi</em></strong></span> <span class='ocrx_word' id='word_1_112' title='bbox 260 1605 367 1661; x_wconf 79' lang='lat' dir='ltr'><strong><em>uespere</em></strong></span> <span class='ocrx_word' id='word_1_113' title='bbox 397 1599 582 1658; x_wconf 79' lang='lat' dir='ltr'><strong><em>eorupctemer</em></strong></span> <span class='ocrx_word' id='word_1_114' title='bbox 609 1588 732 1642; x_wconf 86' lang='lat' dir='ltr'><strong><em>edicitur.</em></strong></span> <span class='ocrx_word' id='word_1_115' title='bbox 753 1590 890 1658; x_wconf 75' lang='lat' dir='ltr'><strong><em>seqnitur,</em></strong></span> <span class='ocrx_word' id='word_1_116' title='bbox 914 1599 939 1642; x_wconf 87' lang='lat' dir='ltr'><strong><em>et</em></strong></span> 
     </span>
     <span class='ocr_line' id='line_1_17' title="bbox 149 1671 940 1755; baseline -0.005 -18"><span class='ocrx_word' id='word_1_117' title='bbox 149 1686 238 1755; x_wconf 71' lang='lat' dir='ltr'><strong><em>lenem</em></strong></span> <span class='ocrx_word' id='word_1_118' title='bbox 253 1671 384 1752; x_wconf 84' lang='lat' dir='ltr'><strong><em>potientur</em></strong></span> <span class='ocrx_word' id='word_1_119' title='bbox 396 1689 424 1733; x_wconf 92' lang='lat' dir='ltr'><strong><em>ut</em></strong></span> <span class='ocrx_word' id='word_1_120' title='bbox 437 1695 523 1733; x_wconf 84' lang='lat' dir='ltr'><strong><em>eones.</em></strong></span> <span class='ocrx_word' id='word_1_121' title='bbox 545 1678 617 1733; x_wconf 88' lang='lat' dir='ltr'><strong><em>illius</em></strong></span> <span class='ocrx_word' id='word_1_122' title='bbox 641 1680 768 1747; x_wconf 85' lang='lat' dir='ltr'><strong><em>temporis</em></strong></span> <span class='ocrx_word' id='word_1_123' title='bbox 787 1679 940 1734; x_wconf 75' lang='lat' dir='ltr'><strong><em>torluomm</em></strong></span> 
     </span>
     <span class='ocr_line' id='line_1_18' title="bbox 148 1773 940 1847; baseline -0.008 -15"><span class='ocrx_word' id='word_1_124' title='bbox 148 1776 280 1847; x_wconf 65' lang='lat' dir='ltr'><strong><em>significat</em></strong></span> <span class='ocrx_word' id='word_1_125' title='bbox 301 1773 482 1837; x_wconf 82' lang='lat' dir='ltr'><strong><em>veluntatem,</em></strong></span> <span class='ocrx_word' id='word_1_126' title='bbox 499 1773 559 1843; x_wconf 87' lang='lat' dir='ltr'><strong><em>quia</em></strong></span> <span class='ocrx_word' id='word_1_127' title='bbox 587 1773 655 1827; x_wconf 89' lang='lat' dir='ltr'><strong><em>sicut</em></strong></span> <span class='ocrx_word' id='word_1_128' title='bbox 670 1788 740 1826; x_wconf 91' lang='lat' dir='ltr'><strong><em>nuuc</em></strong></span> <span class='ocrx_word' id='word_1_129' title='bbox 755 1773 940 1827; x_wconf 83' lang='lat' dir='ltr'><strong><em>credelrssima</em></strong></span> 
     </span>
    </p>
   </div>
   <div class='ocr_carea' id='block_1_6' title="bbox 991 582 1788 834">
    <p class='ocr_par' dir='ltr' id='par_1_6' title="bbox 991 582 1788 834">
     <span class='ocr_line' id='line_1_19' title="bbox 993 582 1788 649; baseline 0.005 -15"><span class='ocrx_word' id='word_1_130' title='bbox 993 582 1194 649; x_wconf 70' lang='lat' dir='ltr'><strong><em>predicationis</em></strong></span> <span class='ocrx_word' id='word_1_131' title='bbox 1211 594 1297 636; x_wconf 85' lang='lat' dir='ltr'><strong><em>rectas</em></strong></span> <span class='ocrx_word' id='word_1_132' title='bbox 1318 584 1412 639; x_wconf 88' lang='lat' dir='ltr'><strong><em>audire</em></strong></span> <span class='ocrx_word' id='word_1_133' title='bbox 1431 585 1580 648; x_wconf 86' lang='lat' dir='ltr'><strong><em>trrrlnerint,</em></strong></span> <span class='ocrx_word' id='word_1_134' title='bbox 1608 587 1677 640; x_wconf 82' lang='lat' dir='ltr'><strong><em>sicet</em></strong></span> <span class='ocrx_word' id='word_1_135' title='bbox 1691 595 1732 639; x_wconf 82' lang='lat' dir='ltr'><strong><em>cst</em></strong></span> <span class='ocrx_word' id='word_1_136' title='bbox 1753 584 1788 639; x_wconf 89' lang='lat' dir='ltr'><strong><em>il·</em></strong></span> 
     </span>
     <span class='ocr_line' id='line_1_20' title="bbox 991 672 1788 743; baseline 0.004 -17"><span class='ocrx_word' id='word_1_137' title='bbox 991 672 1035 726; x_wconf 91' lang='lat' dir='ltr'><strong><em>lml</em></strong></span> <span class='ocrx_word' id='word_1_138' title='bbox 1057 673 1227 727; x_wconf 85' lang='lat' dir='ltr'><strong><em>Salonruuis:</em></strong></span> <span class='ocrx_word' id='word_1_139' title='bbox 1246 672 1310 726; x_wconf 74' lang='lat' dir='ltr'><strong><em>ltro</em></strong></span> <span class='ocrx_word' id='word_1_140' title='bbox 1333 684 1419 727; x_wconf 68' lang='lat' dir='ltr'><strong><em>eutem</em></strong></span> <span class='ocrx_word' id='word_1_141' title='bbox 1433 675 1651 743; x_wconf 74' lang='lat' dir='ltr'><strong><em>increpationibus</em></strong></span> <span class='ocrx_word' id='word_1_142' title='bbox 1674 690 1725 729; x_wconf 90' lang='lat' dir='ltr'><strong><em>non</em></strong></span> <span class='ocrx_word' id='word_1_143' title='bbox 1746 677 1788 730; x_wconf 87' lang='lat' dir='ltr'><strong><em>iu·</em></strong></span> 
     </span>
     <span class='ocr_line' id='line_1_21' title="bbox 991 763 1788 834; baseline 0.005 -19"><span class='ocrx_word' id='word_1_144' title='bbox 991 763 1194 828; x_wconf 69' lang='lat' dir='ltr'><strong><em>terrentemque</em></strong></span> <span class='ocrx_word' id='word_1_145' title='bbox 1207 764 1280 816; x_wconf 89' lang='lat' dir='ltr'><strong><em>irritu</em></strong></span> <span class='ocrx_word' id='word_1_146' title='bbox 1301 766 1397 831; x_wconf 75' lang='lat' dir='ltr'><strong><em>[ociobu</em></strong></span> <span class='ocrx_word' id='word_1_147' title='bbox 1410 767 1431 817; x_wconf 81' lang='lat' dir='ltr'><strong><em>ir</em></strong></span> <span class='ocrx_word' id='word_1_148' title='bbox 1453 766 1561 818; x_wconf 82' lang='lat' dir='ltr'><strong><em>rerrsiliu</em></strong></span> <span class='ocrx_word' id='word_1_149' title='bbox 1586 781 1661 829; x_wconf 88' lang='lat' dir='ltr'><strong><em>rnee,·</em></strong></span> <span class='ocrx_word' id='word_1_150' title='bbox 1683 767 1788 834; x_wconf 82' lang='lat' dir='ltr'><strong><em>ideoque</em></strong></span> 
     </span>
    </p>
   </div>
   <div class='ocr_carea' id='block_1_7' title="bbox 991 856 1787 1017">
    <p class='ocr_par' dir='ltr' id='par_1_7' title="bbox 991 856 1787 1017">
     <span class='ocr_line' id='line_1_22' title="bbox 991 856 1787 927; baseline 0.005 -19"><span class='ocrx_word' id='word_1_151' title='bbox 991 865 1014 908; x_wconf 85' lang='lat' dir='ltr'><strong><em>et</em></strong></span> <span class='ocrx_word' id='word_1_152' title='bbox 1029 872 1074 927; x_wconf 81' lang='lat' dir='ltr'><strong><em>cpe</em></strong></span> <span class='ocrx_word' id='word_1_153' title='bbox 1090 856 1115 907; x_wconf 90' lang='lat' dir='ltr'><strong><em>in</em></strong></span> <span class='ocrx_word' id='word_1_154' title='bbox 1131 869 1214 909; x_wconf 77' lang='lat' dir='ltr'><strong><em>oestro</em></strong></span> <span class='ocrx_word' id='word_1_155' title='bbox 1229 856 1370 924; x_wconf 78' lang='lat' dir='ltr'><strong><em>perditione</em></strong></span> <span class='ocrx_word' id='word_1_156' title='bbox 1393 858 1503 921; x_wconf 86' lang='lat' dir='ltr'><strong><em>ridebo,</em></strong></span> <span class='ocrx_word' id='word_1_157' title='bbox 1526 860 1675 927; x_wconf 83' lang='lat' dir='ltr'><strong><em>qretnlubor</em></strong></span> <span class='ocrx_word' id='word_1_158' title='bbox 1686 861 1787 926; x_wconf 85' lang='lat' dir='ltr'><strong><em>quande</em></strong></span> 
     </span>
     <span class='ocr_line' id='line_1_23' title="bbox 991 944 1787 1017; baseline 0.008 -20"><span class='ocrx_word' id='word_1_159' title='bbox 991 955 1161 1010; x_wconf 78' lang='lat' dir='ltr'><strong><em>superuenere</em></strong></span> <span class='ocrx_word' id='word_1_160' title='bbox 1175 944 1242 997; x_wconf 87' lang='lat' dir='ltr'><strong><em>uobis</em></strong></span> <span class='ocrx_word' id='word_1_161' title='bbox 1258 947 1373 998; x_wconf 84' lang='lat' dir='ltr'><strong><em>interitus</em></strong></span> <span class='ocrx_word' id='word_1_162' title='bbox 1389 944 1481 1016; x_wconf 83' lang='lat' dir='ltr'><strong><em>(Pron.</em></strong></span> <span class='ocrx_word' id='word_1_163' title='bbox 1503 963 1522 1011; x_wconf 90' lang='lat' dir='ltr'><strong><em>t,</em></strong></span> <span class='ocrx_word' id='word_1_164' title='bbox 1542 946 1590 1014; x_wconf 64' lang='lat'><strong><em>255,</em></strong></span> <span class='ocrx_word' id='word_1_165' title='bbox 1605 948 1666 1017; x_wconf 70' lang='lat' dir='ltr'><strong><em>ib).</em></strong></span> <span class='ocrx_word' id='word_1_166' title='bbox 1681 946 1787 1004; x_wconf 79' lang='lat' dir='ltr'><strong><em>Derisui</em></strong></span> 
     </span>
    </p>
   </div>
   <div class='ocr_carea' id='block_1_8' title="bbox 992 1035 1790 1848">
    <p class='ocr_par' dir='ltr' id='par_1_8' title="bbox 992 1035 1790 1848">
     <span class='ocr_line' id='line_1_24' title="bbox 992 1035 1788 1109; baseline 0.006 -19"><span class='ocrx_word' id='word_1_167' title='bbox 992 1036 1063 1090; x_wconf 89' lang='lat' dir='ltr'><strong><em>euim</em></strong></span> <span class='ocrx_word' id='word_1_168' title='bbox 1077 1045 1165 1101; x_wconf 86' lang='lat' dir='ltr'><strong><em>erunt,</em></strong></span> <span class='ocrx_word' id='word_1_169' title='bbox 1183 1035 1289 1104; x_wconf 89' lang='lat' dir='ltr'><strong><em>quando</em></strong></span> <span class='ocrx_word' id='word_1_170' title='bbox 1312 1036 1405 1091; x_wconf 89' lang='lat' dir='ltr'><strong><em>inatres</em></strong></span> <span class='ocrx_word' id='word_1_171' title='bbox 1420 1047 1446 1092; x_wconf 88' lang='lat' dir='ltr'><strong><em>et</em></strong></span> <span class='ocrx_word' id='word_1_172' title='bbox 1462 1036 1528 1090; x_wconf 87' lang='lat' dir='ltr'><strong><em>latui</em></strong></span> <span class='ocrx_word' id='word_1_173' title='bbox 1547 1038 1582 1091; x_wconf 90' lang='lat' dir='ltr'><strong><em>ab</em></strong></span> <span class='ocrx_word' id='word_1_174' title='bbox 1603 1041 1697 1093; x_wconf 76' lang='lat' dir='ltr'><strong><em>eterni</em></strong></span> <span class='ocrx_word' id='word_1_175' title='bbox 1713 1042 1788 1109; x_wconf 76' lang='lat' dir='ltr'><strong><em>regui</em></strong></span> 
     </span>
     <span class='ocr_line' id='line_1_25' title="bbox 993 1128 1789 1202; baseline 0.008 -19"><span class='ocrx_word' id='word_1_176' title='bbox 993 1128 1195 1184; x_wconf 67' lang='lat' dir='ltr'><strong><em>intromissione</em></strong></span> <span class='ocrx_word' id='word_1_177' title='bbox 1209 1131 1351 1196; x_wconf 91' lang='lat' dir='ltr'><strong><em>pellentur.</em></strong></span> <span class='ocrx_word' id='word_1_178' title='bbox 1370 1132 1509 1201; x_wconf 81' lang='lat' dir='ltr'><strong><em>Sequitur,</em></strong></span> <span class='ocrx_word' id='word_1_179' title='bbox 1529 1133 1671 1202; x_wconf 76' lang='lat' dir='ltr'><strong><em>pronihilo</em></strong></span> <span class='ocrx_word' id='word_1_180' title='bbox 1686 1136 1789 1190; x_wconf 81' lang='lat' dir='ltr'><strong><em>iubebit</em></strong></span> 
     </span>
     <span class='ocr_line' id='line_1_26' title="bbox 992 1222 1789 1295; baseline 0.008 -19"><span class='ocrx_word' id='word_1_181' title='bbox 992 1238 1078 1277; x_wconf 83' lang='lat' dir='ltr'><strong><em>ourncr</em></strong></span> <span class='ocrx_word' id='word_1_182' title='bbox 1099 1235 1194 1294; x_wconf 82' lang='lat' dir='ltr'><strong><em>pentes.</em></strong></span> <span class='ocrx_word' id='word_1_183' title='bbox 1217 1222 1321 1287; x_wconf 84' lang='lat' dir='ltr'><strong><em>Gentes,</em></strong></span> <span class='ocrx_word' id='word_1_184' title='bbox 1337 1232 1365 1278; x_wconf 89' lang='lat' dir='ltr'><strong><em>et</em></strong></span> <span class='ocrx_word' id='word_1_185' title='bbox 1379 1225 1405 1279; x_wconf 90' lang='lat' dir='ltr'><strong><em>in</em></strong></span> <span class='ocrx_word' id='word_1_186' title='bbox 1423 1226 1493 1279; x_wconf 89' lang='lat' dir='ltr'><strong><em>beno</em></strong></span> <span class='ocrx_word' id='word_1_187' title='bbox 1506 1227 1568 1280; x_wconf 85' lang='lat' dir='ltr'><strong><em>eliu</em></strong></span> <span class='ocrx_word' id='word_1_188' title='bbox 1584 1228 1653 1280; x_wconf 92' lang='lat' dir='ltr'><strong><em>malrr</em></strong></span> <span class='ocrx_word' id='word_1_189' title='bbox 1665 1231 1724 1295; x_wconf 89' lang='lat' dir='ltr'><strong><em>porri</em></strong></span> <span class='ocrx_word' id='word_1_190' title='bbox 1741 1244 1789 1282; x_wconf 93' lang='lat' dir='ltr'><strong><em>uo·</em></strong></span> 
     </span>
     <span class='ocr_line' id='line_1_27' title="bbox 993 1316 1789 1389; baseline 0.006 -18"><span class='ocrx_word' id='word_1_191' title='bbox 993 1317 1126 1371; x_wconf 90' lang='lat' dir='ltr'><strong><em>tissimum</em></strong></span> <span class='ocrx_word' id='word_1_192' title='bbox 1140 1324 1193 1371; x_wconf 88' lang='lat' dir='ltr'><strong><em>cst.</em></strong></span> <span class='ocrx_word' id='word_1_193' title='bbox 1211 1316 1258 1371; x_wconf 91' lang='lat' dir='ltr'><strong><em>llic</em></strong></span> <span class='ocrx_word' id='word_1_194' title='bbox 1272 1327 1360 1372; x_wconf 88' lang='lat' dir='ltr'><strong><em>tamen</em></strong></span> <span class='ocrx_word' id='word_1_195' title='bbox 1377 1317 1437 1372; x_wconf 88' lang='lat' dir='ltr'><strong><em>illos</em></strong></span> <span class='ocrx_word' id='word_1_196' title='bbox 1459 1319 1523 1373; x_wconf 69' lang='lat' dir='ltr'><strong><em>divit</em></strong></span> <span class='ocrx_word' id='word_1_197' title='bbox 1540 1321 1583 1389; x_wconf 92' lang='lat' dir='ltr'><strong><em>qui</em></strong></span> <span class='ocrx_word' id='word_1_198' title='bbox 1607 1321 1789 1376; x_wconf 80' lang='lat' dir='ltr'><strong><em>obstinatione</em></strong></span> 
     </span>
     <span class='ocr_line' id='line_1_28' title="bbox 992 1408 1790 1485; baseline 0.008 -23"><span class='ocrx_word' id='word_1_199' title='bbox 992 1408 1093 1462; x_wconf 90' lang='lat' dir='ltr'><strong><em>crudeli</em></strong></span> <span class='ocrx_word' id='word_1_200' title='bbox 1117 1408 1144 1463; x_wconf 91' lang='lat' dir='ltr'><strong><em>in</em></strong></span> <span class='ocrx_word' id='word_1_201' title='bbox 1159 1425 1205 1462; x_wconf 84' lang='lat' dir='ltr'><strong><em>sea</em></strong></span> <span class='ocrx_word' id='word_1_202' title='bbox 1222 1410 1339 1478; x_wconf 88' lang='lat' dir='ltr'><strong><em>nequitia</em></strong></span> <span class='ocrx_word' id='word_1_203' title='bbox 1357 1421 1539 1480; x_wconf 84' lang='lat' dir='ltr'><strong><em>perseverant.</em></strong></span> <span class='ocrx_word' id='word_1_204' title='bbox 1556 1413 1630 1481; x_wconf 84' lang='lat' dir='ltr'><strong><em>ipsos</em></strong></span> <span class='ocrx_word' id='word_1_205' title='bbox 1644 1414 1717 1467; x_wconf 89' lang='lat' dir='ltr'><strong><em>enirn</em></strong></span> <span class='ocrx_word' id='word_1_206' title='bbox 1742 1432 1790 1485; x_wconf 90' lang='lat' dir='ltr'><strong><em>pro</em></strong></span> 
     </span>
     <span class='ocr_line' id='line_1_29' title="bbox 993 1502 1788 1571; baseline 0.01 -17"><span class='ocrx_word' id='word_1_207' title='bbox 993 1502 1074 1554; x_wconf 85' lang='lat' dir='ltr'><strong><em>nitrito</em></strong></span> <span class='ocrx_word' id='word_1_208' title='bbox 1090 1503 1162 1556; x_wconf 88' lang='lat' dir='ltr'><strong><em>ltubet</em></strong></span> <span class='ocrx_word' id='word_1_209' title='bbox 1178 1502 1317 1566; x_wconf 81' lang='lat' dir='ltr'><strong><em>Dominus,</em></strong></span> <span class='ocrx_word' id='word_1_210' title='bbox 1337 1504 1381 1571; x_wconf 90' lang='lat' dir='ltr'><strong><em>qui</em></strong></span> <span class='ocrx_word' id='word_1_211' title='bbox 1395 1520 1456 1558; x_wconf 88' lang='lat' dir='ltr'><strong><em>cum</em></strong></span> <span class='ocrx_word' id='word_1_212' title='bbox 1473 1516 1654 1560; x_wconf 80' lang='lat' dir='ltr'><strong><em>creaturarum</em></strong></span> <span class='ocrx_word' id='word_1_213' title='bbox 1670 1506 1788 1562; x_wconf 92' lang='lat' dir='ltr'><strong><em>ermrium</em></strong></span> 
     </span>
     <span class='ocr_line' id='line_1_30' title="bbox 993 1597 1788 1652; baseline 0.005 -5"><span class='ocrx_word' id='word_1_214' title='bbox 993 1607 1045 1647; x_wconf 91' lang='lat' dir='ltr'><strong><em>rterr</em></strong></span> <span class='ocrx_word' id='word_1_215' title='bbox 1060 1606 1222 1648; x_wconf 69' lang='lat' dir='ltr'><strong><em>vrerrerarrtur</em></strong></span> <span class='ocrx_word' id='word_1_216' title='bbox 1240 1605 1387 1648; x_wconf 77' lang='lat' dir='ltr'><strong><em>auctorent.</em></strong></span> <span class='ocrx_word' id='word_1_217' title='bbox 1410 1597 1474 1650; x_wconf 84' lang='lat' dir='ltr'><strong><em>Nam</em></strong></span> <span class='ocrx_word' id='word_1_218' title='bbox 1492 1598 1514 1651; x_wconf 90' lang='lat' dir='ltr'><strong><em>si</em></strong></span> <span class='ocrx_word' id='word_1_219' title='bbox 1534 1597 1586 1651; x_wconf 72' lang='lat' dir='ltr'><strong><em>lter⁴</em></strong></span> <span class='ocrx_word' id='word_1_220' title='bbox 1600 1598 1788 1652; x_wconf 79' lang='lat' dir='ltr'><strong><em>universaliter</em></strong></span> 
     </span>
     <span class='ocr_line' id='line_1_31' title="bbox 992 1683 1783 1755; baseline 0.006 -17"><span class='ocrx_word' id='word_1_221' title='bbox 992 1683 1091 1738; x_wconf 85' lang='lat' dir='ltr'><strong><em>dietum</em></strong></span> <span class='ocrx_word' id='word_1_222' title='bbox 1113 1687 1258 1755; x_wconf 80' lang='lat' dir='ltr'><strong><em>intelligas,</em></strong></span> <span class='ocrx_word' id='word_1_223' title='bbox 1283 1687 1357 1741; x_wconf 87' lang='lat' dir='ltr'><strong><em>nude</em></strong></span> <span class='ocrx_word' id='word_1_224' title='bbox 1380 1689 1432 1741; x_wconf 91' lang='lat' dir='ltr'><strong><em>erit</em></strong></span> <span class='ocrx_word' id='word_1_225' title='bbox 1457 1688 1575 1741; x_wconf 71' lang='lat' dir='ltr'><strong><em>eertum</em></strong></span> <span class='ocrx_word' id='word_1_226' title='bbox 1591 1688 1695 1743; x_wconf 84' lang='lat' dir='ltr'><strong><em>ilrrrrini</em></strong></span> <span class='ocrx_word' id='word_1_227' title='bbox 1718 1704 1783 1743; x_wconf 86' lang='lat' dir='ltr'><strong><em>eou-</em></strong></span> 
     </span>
     <span class='ocr_line' id='line_1_32' title="bbox 993 1776 1785 1848; baseline 0.005 -19"><span class='ocrx_word' id='word_1_228' title='bbox 993 1776 1137 1829; x_wconf 81' lang='lat' dir='ltr'><strong><em>strucmlai</em></strong></span> <span class='ocrx_word' id='word_1_229' title='bbox 1154 1776 1206 1833; x_wconf 86' lang='lat' dir='ltr'><strong><em>Sed</em></strong></span> <span class='ocrx_word' id='word_1_230' title='bbox 1220 1792 1277 1831; x_wconf 86' lang='lat' dir='ltr'><strong><em>mos</em></strong></span> <span class='ocrx_word' id='word_1_231' title='bbox 1289 1787 1330 1831; x_wconf 88' lang='lat' dir='ltr'><strong><em>est</em></strong></span> <span class='ocrx_word' id='word_1_232' title='bbox 1353 1779 1499 1847; x_wconf 66' lang='lat' dir='ltr'><strong><em>Scripturas</em></strong></span> <span class='ocrx_word' id='word_1_233' title='bbox 1514 1778 1610 1832; x_wconf 81' lang='lat' dir='ltr'><strong><em>rlirirne</em></strong></span> <span class='ocrx_word' id='word_1_234' title='bbox 1631 1780 1722 1834; x_wconf 74' lang='lat' dir='ltr'><strong><em>diecre</em></strong></span> <span class='ocrx_word' id='word_1_235' title='bbox 1737 1796 1785 1848; x_wconf 92' lang='lat' dir='ltr'><strong><em>pre</em></strong></span> 
     </span>
    </p>
   </div>
   <div class='ocr_carea' id='block_1_9' title="bbox 146 1864 1817 3040">
    <p class='ocr_par' dir='ltr' id='par_1_9' title="bbox 146 1864 1817 2765">
     <span class='ocr_line' id='line_1_33' title="bbox 149 1864 1788 1935; baseline -0.001 -11"><span class='ocrx_word' id='word_1_236' title='bbox 149 1868 327 1925; x_wconf 72' lang='lat' dir='ltr'><strong><em>obstinatione</em></strong></span> <span class='ocrx_word' id='word_1_237' title='bbox 339 1866 426 1921; x_wconf 88' lang='lat' dir='ltr'><strong><em>durati</em></strong></span> <span class='ocrx_word' id='word_1_238' title='bbox 446 1876 518 1930; x_wconf 86' lang='lat' dir='ltr'><strong><em>suut,</em></strong></span> <span class='ocrx_word' id='word_1_239' title='bbox 534 1864 609 1919; x_wconf 89' lang='lat' dir='ltr'><strong><em>itaet</em></strong></span> <span class='ocrx_word' id='word_1_240' title='bbox 624 1877 687 1920; x_wconf 89' lang='lat' dir='ltr'><strong><em>turre</em></strong></span> <span class='ocrx_word' id='word_1_241' title='bbox 708 1865 769 1919; x_wconf 90' lang='lat' dir='ltr'><strong><em>lidei</em></strong></span> <span class='ocrx_word' id='word_1_242' title='bbox 784 1865 938 1919; x_wconf 84' lang='lat' dir='ltr'><strong><em>aridissima</em></strong></span> <span class='ocrx_word' id='word_1_243' title='bbox 954 1864 978 1926; x_wconf 87' lang='grc' dir='ltr'><strong><em>Β</em></strong></span> <span class='ocrx_word' id='word_1_244' title='bbox 992 1879 1065 1935; x_wconf 88' lang='lat' dir='ltr'><strong><em>parte</em></strong></span> <span class='ocrx_word' id='word_1_245' title='bbox 1078 1877 1174 1931; x_wconf 91' lang='lat' dir='ltr'><strong><em>totum,</em></strong></span> <span class='ocrx_word' id='word_1_246' title='bbox 1195 1869 1343 1923; x_wconf 86' lang='lat' dir='ltr'><strong><em>secuudum</em></strong></span> <span class='ocrx_word' id='word_1_247' title='bbox 1364 1870 1427 1922; x_wconf 91' lang='lat' dir='ltr'><strong><em>illud</em></strong></span> <span class='ocrx_word' id='word_1_248' title='bbox 1453 1868 1557 1922; x_wconf 79' lang='lat' dir='ltr'><strong><em>lierrrirti</em></strong></span> <span class='ocrx_word' id='word_1_249' title='bbox 1579 1869 1700 1923; x_wconf 88' lang='lat' dir='ltr'><strong><em>dietum:</em></strong></span> <span class='ocrx_word' id='word_1_250' title='bbox 1718 1869 1788 1924; x_wconf 88' lang='lat' dir='ltr'><strong><em>Num</em></strong></span> 
     </span>
     <span class='ocr_line' id='line_1_34' title="bbox 149 1956 1788 2028; baseline -0.002 -12"><span class='ocrx_word' id='word_1_251' title='bbox 149 1958 278 2016; x_wconf 77' lang='lat' dir='ltr'><strong><em>desideria</em></strong></span> <span class='ocrx_word' id='word_1_252' title='bbox 290 1956 495 2028; x_wconf 66' lang='lat' dir='ltr'><strong><em>pedententim</em></strong></span> <span class='ocrx_word' id='word_1_253' title='bbox 509 1957 604 2011; x_wconf 85' lang='lat' dir='ltr'><strong><em>reerito</em></strong></span> <span class='ocrx_word' id='word_1_254' title='bbox 617 1956 938 2027; x_wconf 84' lang='lat' dir='ltr'><strong><em>crnibuscoruparantur,</em></strong></span> <span class='ocrx_word' id='word_1_255' title='bbox 993 1976 1050 2012; x_wconf 82' lang='lat' dir='ltr'><strong><em>eum</em></strong></span> <span class='ocrx_word' id='word_1_256' title='bbox 1072 1960 1166 2013; x_wconf 85' lang='lat' dir='ltr'><strong><em>uerrerit</em></strong></span> <span class='ocrx_word' id='word_1_257' title='bbox 1183 1957 1266 2015; x_wconf 68' lang='lat' dir='ltr'><strong><em>betrus</em></strong></span> <span class='ocrx_word' id='word_1_258' title='bbox 1290 1960 1410 2021; x_wconf 79' lang='lat' dir='ltr'><strong><em>bertinis,</em></strong></span> <span class='ocrx_word' id='word_1_259' title='bbox 1438 1969 1511 2024; x_wconf 85' lang='lat' dir='ltr'><strong><em>putor</em></strong></span> <span class='ocrx_word' id='word_1_260' title='bbox 1530 1959 1636 2013; x_wconf 72' lang='lat' dir='ltr'><strong><em>torrenter</em></strong></span> <span class='ocrx_word' id='word_1_261' title='bbox 1660 1960 1737 2028; x_wconf 74' lang='lat' dir='ltr'><strong><em>prieur</em></strong></span> <span class='ocrx_word' id='word_1_262' title='bbox 1760 1960 1788 2013; x_wconf 85' lang='lat' dir='ltr'><strong><em>in</em></strong></span> 
     </span>
     <span class='ocr_line' id='line_1_35' title="bbox 149 2047 1789 2120; baseline 0 -15"><span class='ocrx_word' id='word_1_263' title='bbox 149 2049 479 2120; x_wconf 79' lang='lat' dir='ltr'><strong><em>qnoniamtlntielrristurn</em></strong></span> <span class='ocrx_word' id='word_1_264' title='bbox 491 2047 564 2102; x_wconf 88' lang='lat' dir='ltr'><strong><em>illuur</em></strong></span> <span class='ocrx_word' id='word_1_265' title='bbox 576 2049 797 2103; x_wconf 84' lang='lat' dir='ltr'><strong><em>irnmauissirnam</em></strong></span> <span class='ocrx_word' id='word_1_266' title='bbox 813 2049 940 2117; x_wconf 85' lang='lat' dir='ltr'><strong><em>belluam,</em></strong></span> <span class='ocrx_word' id='word_1_267' title='bbox 993 2059 1060 2104; x_wconf 85' lang='lat' dir='ltr'><strong><em>terro</em></strong></span> <span class='ocrx_word' id='word_1_268' title='bbox 1081 2050 1158 2120; x_wconf 82' lang='lat' dir='ltr'><strong><em>(Luc.</em></strong></span> <span class='ocrx_word' id='word_1_269' title='bbox 1174 2065 1255 2115; x_wconf 80' lang='lat' dir='ltr'><strong><em>run,</em></strong></span> <span class='ocrx_word' id='word_1_270' title='bbox 1281 2051 1332 2118; x_wconf 84' lang='lat' dir='ltr'><strong><em>tqr</em></strong></span> <span class='ocrx_word' id='word_1_271' title='bbox 1354 2051 1429 2117; x_wconf 89' lang='lat' dir='ltr'><strong><em>Quod</em></strong></span> <span class='ocrx_word' id='word_1_272' title='bbox 1457 2060 1485 2104; x_wconf 92' lang='lat' dir='ltr'><strong><em>et</em></strong></span> <span class='ocrx_word' id='word_1_273' title='bbox 1511 2052 1534 2105; x_wconf 88' lang='lat' dir='ltr'><strong><em>si</em></strong></span> <span class='ocrx_word' id='word_1_274' title='bbox 1552 2051 1603 2104; x_wconf 87' lang='lat' dir='ltr'><strong><em>noe</em></strong></span> <span class='ocrx_word' id='word_1_275' title='bbox 1629 2051 1789 2117; x_wconf 71' lang='lat' dir='ltr'><strong><em>generaliter</em></strong></span> 
     </span>
     <span class='ocr_line' id='line_1_36' title="bbox 148 2139 1788 2212; baseline -0.002 -14"><span class='ocrx_word' id='word_1_276' title='bbox 148 2140 205 2198; x_wconf 88' lang='lat' dir='ltr'><strong><em>ltel</em></strong></span> <span class='ocrx_word' id='word_1_277' title='bbox 217 2141 312 2197; x_wconf 80' lang='lat' dir='ltr'><strong><em>calere</em></strong></span> <span class='ocrx_word' id='word_1_278' title='bbox 323 2141 432 2210; x_wconf 91' lang='lat' dir='ltr'><strong><em>raptati,</em></strong></span> <span class='ocrx_word' id='word_1_279' title='bbox 455 2139 587 2209; x_wconf 76' lang='lat' dir='ltr'><strong><em>religiosis</em></strong></span> <span class='ocrx_word' id='word_1_280' title='bbox 603 2140 743 2195; x_wconf 89' lang='lat' dir='ltr'><strong><em>latratibus</em></strong></span> <span class='ocrx_word' id='word_1_281' title='bbox 755 2141 939 2210; x_wconf 78' lang='lat' dir='ltr'><strong><em>insequentur.</em></strong></span> <span class='ocrx_word' id='word_1_282' title='bbox 991 2140 1057 2196; x_wconf 83' lang='lat' dir='ltr'><strong><em>telis</em></strong></span> <span class='ocrx_word' id='word_1_283' title='bbox 1068 2143 1199 2209; x_wconf 88' lang='lat' dir='ltr'><strong><em>accipere,</em></strong></span> <span class='ocrx_word' id='word_1_284' title='bbox 1213 2142 1310 2212; x_wconf 88' lang='lat' dir='ltr'><strong><em>quibus</em></strong></span> <span class='ocrx_word' id='word_1_285' title='bbox 1324 2141 1468 2195; x_wconf 87' lang='lat' dir='ltr'><strong><em>rtieendmn</em></strong></span> <span class='ocrx_word' id='word_1_286' title='bbox 1483 2151 1544 2195; x_wconf 89' lang='lat' dir='ltr'><strong><em>est:</em></strong></span> <span class='ocrx_word' id='word_1_287' title='bbox 1564 2139 1662 2204; x_wconf 81' lang='lat' dir='ltr'><strong><em>Vertite,</em></strong></span> <span class='ocrx_word' id='word_1_288' title='bbox 1685 2143 1788 2195; x_wconf 83' lang='lat' dir='ltr'><strong><em>benedi-</em></strong></span> 
     </span>
     <span class='ocr_line' id='line_1_37' title="bbox 148 2231 1817 2301; baseline -0.005 -10"><span class='ocrx_word' id='word_1_289' title='bbox 148 2232 224 2290; x_wconf 71' lang='lat' dir='ltr'><strong><em>ores</em></strong></span> <span class='ocrx_word' id='word_1_290' title='bbox 234 2235 309 2291; x_wconf 90' lang='lat' dir='ltr'><strong><em>enim</em></strong></span> <span class='ocrx_word' id='word_1_291' title='bbox 321 2248 336 2288; x_wconf 85' lang='grc' dir='ltr'>ι</span> <span class='ocrx_word' id='word_1_292' title='bbox 350 2233 472 2290; x_wconf 89' lang='lat' dir='ltr'><strong><em>canendo</em></strong></span> <span class='ocrx_word' id='word_1_293' title='bbox 487 2234 549 2287; x_wconf 90' lang='lat' dir='ltr'><strong><em>dicti</em></strong></span> <span class='ocrx_word' id='word_1_294' title='bbox 562 2243 634 2288; x_wconf 87' lang='lat' dir='ltr'><strong><em>surrt.</em></strong></span> <span class='ocrx_word' id='word_1_295' title='bbox 647 2233 772 2289; x_wconf 73' lang='lat' dir='ltr'><strong><em>ileliercs</em></strong></span> <span class='ocrx_word' id='word_1_296' title='bbox 785 2248 865 2288; x_wconf 89' lang='lat' dir='ltr'><strong><em>erunt</em></strong></span> <span class='ocrx_word' id='word_1_297' title='bbox 876 2242 941 2289; x_wconf 94' lang='lat' dir='ltr'><strong><em>tunc</em></strong></span> <span class='ocrx_word' id='word_1_298' title='bbox 991 2233 1026 2287; x_wconf 85' lang='lat' dir='ltr'><strong><em>eti</em></strong></span> <span class='ocrx_word' id='word_1_299' title='bbox 1039 2231 1124 2285; x_wconf 84' lang='lat' dir='ltr'><strong><em>Putris</em></strong></span> <span class='ocrx_word' id='word_1_300' title='bbox 1136 2232 1195 2298; x_wconf 83' lang='lat' dir='ltr'><strong><em>urei,</em></strong></span> <span class='ocrx_word' id='word_1_301' title='bbox 1210 2232 1336 2299; x_wconf 81' lang='lat' dir='ltr'><strong><em>possidete</em></strong></span> <span class='ocrx_word' id='word_1_302' title='bbox 1351 2239 1469 2301; x_wconf 89' lang='lat' dir='ltr'><strong><em>purotuut</em></strong></span> <span class='ocrx_word' id='word_1_303' title='bbox 1491 2232 1560 2284; x_wconf 82' lang='lat' dir='ltr'><strong><em>robis</em></strong></span> <span class='ocrx_word' id='word_1_304' title='bbox 1575 2247 1680 2297; x_wconf 79' lang='lat' dir='ltr'><strong><em>repeton</em></strong></span> <span class='ocrx_word' id='word_1_305' title='bbox 1697 2247 1714 2283; x_wconf 88' lang='lat' dir='ltr'><strong><em>e</em></strong></span> <span class='ocrx_word' id='word_1_306' title='bbox 1728 2246 1791 2284; x_wconf 88' lang='lat' dir='ltr'><strong><em>ceu·</em></strong></span> <span class='ocrx_word' id='word_1_307' title='bbox 1812 2293 1817 2300; x_wconf 25' lang='grc' dir='ltr'>ι</span> 
     </span>
     <span class='ocr_line' id='line_1_38' title="bbox 147 2321 1790 2398; baseline -0.004 -15"><span class='ocrx_word' id='word_1_308' title='bbox 147 2322 230 2397; x_wconf 69' lang='lat' dir='ltr'><strong><em>rnna,</em></strong></span> <span class='ocrx_word' id='word_1_309' title='bbox 245 2340 328 2398; x_wconf 86' lang='lat' dir='ltr'><strong><em>quatu</em></strong></span> <span class='ocrx_word' id='word_1_310' title='bbox 344 2341 413 2381; x_wconf 89' lang='lat' dir='ltr'><strong><em>nuuc</em></strong></span> <span class='ocrx_word' id='word_1_311' title='bbox 429 2325 483 2381; x_wconf 87' lang='lat' dir='ltr'><strong><em>sint</em></strong></span> <span class='ocrx_word' id='word_1_312' title='bbox 506 2325 651 2381; x_wconf 84' lang='lat' dir='ltr'><strong><em>bortriues:</em></strong></span> <span class='ocrx_word' id='word_1_313' title='bbox 674 2326 781 2395; x_wconf 92' lang='lat' dir='ltr'><strong><em>quando</em></strong></span> <span class='ocrx_word' id='word_1_314' title='bbox 804 2325 890 2396; x_wconf 79' lang='lat' dir='ltr'><strong><em>legem</em></strong></span> <span class='ocrx_word' id='word_1_315' title='bbox 913 2325 939 2380; x_wconf 89' lang='lat' dir='ltr'><strong><em>iu</em></strong></span> <span class='ocrx_word' id='word_1_316' title='bbox 990 2322 1121 2378; x_wconf 78' lang='lat' dir='ltr'><strong><em>stitutione</em></strong></span> <span class='ocrx_word' id='word_1_317' title='bbox 1132 2323 1220 2376; x_wconf 86' lang='lat' dir='ltr'><strong><em>mundi</em></strong></span> <span class='ocrx_word' id='word_1_318' title='bbox 1237 2322 1344 2393; x_wconf 86' lang='lat' dir='ltr'><strong><em>(llnttlr.</em></strong></span> <span class='ocrx_word' id='word_1_319' title='bbox 1361 2337 1426 2384; x_wconf 80' lang='grc' dir='ltr'>ιιι,</span> <span class='ocrx_word' id='word_1_320' title='bbox 1444 2321 1511 2390; x_wconf 71' lang='lat' dir='ltr'><strong><em>eli?</em></strong></span> <span class='ocrx_word' id='word_1_321' title='bbox 1527 2323 1618 2378; x_wconf 51' lang='lat' dir='ltr'><strong><em>llestut</em></strong></span> <span class='ocrx_word' id='word_1_322' title='bbox 1630 2338 1694 2391; x_wconf 76' lang='lat' dir='ltr'><strong><em>ergo</em></strong></span> <span class='ocrx_word' id='word_1_323' title='bbox 1707 2331 1735 2376; x_wconf 93' lang='lat' dir='ltr'><strong><em>ut</em></strong></span> <span class='ocrx_word' id='word_1_324' title='bbox 1748 2324 1790 2379; x_wconf 86' lang='lat' dir='ltr'><strong><em>lrie</em></strong></span> 
     </span>
     <span class='ocr_line' id='line_1_39' title="bbox 147 2413 1790 2491; baseline -0.004 -17"><span class='ocrx_word' id='word_1_325' title='bbox 147 2432 193 2491; x_wconf 76' lang='lat' dir='ltr'><strong><em>qua</em></strong></span> <span class='ocrx_word' id='word_1_326' title='bbox 213 2418 300 2474; x_wconf 87' lang='lat' dir='ltr'><strong><em>modo</em></strong></span> <span class='ocrx_word' id='word_1_327' title='bbox 312 2418 481 2488; x_wconf 86' lang='lat' dir='ltr'><strong><em>delinquunt,</em></strong></span> <span class='ocrx_word' id='word_1_328' title='bbox 499 2430 562 2471; x_wconf 87' lang='lat' dir='ltr'><strong><em>tuuc</em></strong></span> <span class='ocrx_word' id='word_1_329' title='bbox 578 2416 694 2472; x_wconf 87' lang='lat' dir='ltr'><strong><em>lldeliter</em></strong></span> <span class='ocrx_word' id='word_1_330' title='bbox 706 2416 847 2472; x_wconf 89' lang='lat' dir='ltr'><strong><em>delensate</em></strong></span> <span class='ocrx_word' id='word_1_331' title='bbox 863 2417 942 2489; x_wconf 77' lang='grc'><strong><em>196</em></strong></span> <span class='ocrx_word' id='word_1_332' title='bbox 992 2428 1079 2467; x_wconf 85' lang='lat' dir='ltr'><strong><em>enruer</em></strong></span> <span class='ocrx_word' id='word_1_333' title='bbox 1090 2424 1175 2483; x_wconf 81' lang='lat' dir='ltr'><strong><em>pentes</em></strong></span> <span class='ocrx_word' id='word_1_334' title='bbox 1186 2427 1234 2469; x_wconf 89' lang='lat' dir='ltr'><strong><em>eos</em></strong></span> <span class='ocrx_word' id='word_1_335' title='bbox 1247 2413 1379 2483; x_wconf 81' lang='lat' dir='ltr'><strong><em>intelligas</em></strong></span> <span class='ocrx_word' id='word_1_336' title='bbox 1393 2413 1437 2483; x_wconf 93' lang='lat' dir='ltr'><strong><em>qui</em></strong></span> <span class='ocrx_word' id='word_1_337' title='bbox 1459 2413 1567 2481; x_wconf 79' lang='lat' dir='ltr'><strong><em>pertrita</em></strong></span> <span class='ocrx_word' id='word_1_338' title='bbox 1592 2413 1704 2468; x_wconf 84' lang='lat' dir='ltr'><strong><em>iaciente</em></strong></span> <span class='ocrx_word' id='word_1_339' title='bbox 1716 2414 1790 2468; x_wconf 89' lang='lat' dir='ltr'><strong><em>darn·</em></strong></span> 
     </span>
     <span class='ocr_line' id='line_1_40' title="bbox 147 2503 1788 2579; baseline -0.005 -12"><span class='ocrx_word' id='word_1_340' title='bbox 147 2508 318 2566; x_wconf 59' lang='lat' dir='ltr'><strong><em>mandunt.</em></strong></span> <span class='ocrx_word' id='word_1_341' title='bbox 335 2507 402 2562; x_wconf 80' lang='lat' dir='ltr'><strong><em>lium</em></strong></span> <span class='ocrx_word' id='word_1_342' title='bbox 425 2508 495 2579; x_wconf 92' lang='lat' dir='ltr'><strong><em>quod</em></strong></span> <span class='ocrx_word' id='word_1_343' title='bbox 511 2507 586 2572; x_wconf 87' lang='lat' dir='ltr'><strong><em>dicit,</em></strong></span> <span class='ocrx_word' id='word_1_344' title='bbox 602 2507 708 2577; x_wconf 74' lang='lat' dir='ltr'><strong><em>foetere,</em></strong></span> <span class='ocrx_word' id='word_1_345' title='bbox 733 2507 852 2562; x_wconf 85' lang='lat' dir='ltr'><strong><em>eoelestis</em></strong></span> <span class='ocrx_word' id='word_1_346' title='bbox 866 2508 940 2562; x_wconf 86' lang='lat' dir='ltr'><strong><em>verbi</em></strong></span> <span class='ocrx_word' id='word_1_347' title='bbox 991 2507 1072 2560; x_wconf 72' lang='lat' dir='ltr'><strong><em>nauali</em></strong></span> <span class='ocrx_word' id='word_1_348' title='bbox 1094 2515 1167 2561; x_wconf 88' lang='lat' dir='ltr'><strong><em>sunt.</em></strong></span> <span class='ocrx_word' id='word_1_349' title='bbox 1192 2505 1260 2561; x_wconf 87' lang='lat' dir='ltr'><strong><em>Sunt</em></strong></span> <span class='ocrx_word' id='word_1_350' title='bbox 1274 2504 1347 2559; x_wconf 91' lang='lat' dir='ltr'><strong><em>enirn</em></strong></span> <span class='ocrx_word' id='word_1_351' title='bbox 1369 2520 1401 2558; x_wconf 85' lang='lat' dir='ltr'><strong><em>eu</em></strong></span> <span class='ocrx_word' id='word_1_352' title='bbox 1425 2503 1551 2558; x_wconf 88' lang='lat' dir='ltr'><strong><em>enrnilms</em></strong></span> <span class='ocrx_word' id='word_1_353' title='bbox 1574 2506 1697 2573; x_wconf 70' lang='lat' dir='ltr'><strong><em>gonuinus</em></strong></span> <span class='ocrx_word' id='word_1_354' title='bbox 1721 2507 1788 2573; x_wconf 87' lang='lat' dir='ltr'><strong><em>peri·</em></strong></span> 
     </span>
     <span class='ocr_line' id='line_1_41' title="bbox 146 2594 1790 2672; baseline -0.006 -13"><span class='ocrx_word' id='word_1_355' title='bbox 146 2600 277 2672; x_wconf 71' lang='lat' dir='ltr'><strong><em>tlpnldcat</em></strong></span> <span class='ocrx_word' id='word_1_356' title='bbox 290 2601 333 2655; x_wconf 87' lang='lat' dir='ltr'><strong><em>ari</em></strong></span> <span class='ocrx_word' id='word_1_357' title='bbox 345 2603 462 2666; x_wconf 87' lang='lat' dir='ltr'><strong><em>litatem,</em></strong></span> <span class='ocrx_word' id='word_1_358' title='bbox 484 2601 554 2656; x_wconf 88' lang='lat' dir='ltr'><strong><em>sieut</em></strong></span> <span class='ocrx_word' id='word_1_359' title='bbox 572 2602 609 2657; x_wconf 91' lang='lat' dir='ltr'><strong><em>ait</em></strong></span> <span class='ocrx_word' id='word_1_360' title='bbox 632 2601 759 2671; x_wconf 82' lang='lat' dir='ltr'><strong><em>propbeta</em></strong></span> <span class='ocrx_word' id='word_1_361' title='bbox 775 2618 782 2654; x_wconf 75' lang='grc' dir='ltr'><strong>ε</strong></span> <span class='ocrx_word' id='word_1_362' title='bbox 806 2599 874 2655; x_wconf 79' lang='lat' dir='ltr'><strong><em>Ecce</em></strong></span> <span class='ocrx_word' id='word_1_363' title='bbox 896 2601 939 2655; x_wconf 88' lang='lat' dir='ltr'><strong><em>irr-</em></strong></span> <span class='ocrx_word' id='word_1_364' title='bbox 993 2596 1055 2660; x_wconf 88' lang='lat' dir='ltr'><strong><em>turi,</em></strong></span> <span class='ocrx_word' id='word_1_365' title='bbox 1068 2596 1234 2665; x_wconf 79' lang='lat' dir='ltr'><strong><em>sieutiustos</em></strong></span> <span class='ocrx_word' id='word_1_366' title='bbox 1245 2605 1351 2649; x_wconf 86' lang='lat' dir='ltr'><strong><em>constat</em></strong></span> <span class='ocrx_word' id='word_1_367' title='bbox 1364 2609 1397 2649; x_wconf 83' lang='lat' dir='ltr'><strong><em>er</em></strong></span> <span class='ocrx_word' id='word_1_368' title='bbox 1410 2594 1535 2649; x_wconf 83' lang='lat' dir='ltr'><strong><em>erunibus</em></strong></span> <span class='ocrx_word' id='word_1_369' title='bbox 1551 2595 1704 2649; x_wconf 86' lang='lat' dir='ltr'><strong><em>rmtlonlbus</em></strong></span> <span class='ocrx_word' id='word_1_370' title='bbox 1726 2610 1790 2649; x_wconf 91' lang='lat' dir='ltr'><strong><em>con-</em></strong></span> 
     </span>
     <span class='ocr_line' id='line_1_42' title="bbox 147 2691 1112 2765; baseline -0.005 -17"><span class='ocrx_word' id='word_1_371' title='bbox 147 2693 209 2748; x_wconf 72' lang='lat' dir='ltr'><strong><em>lrco</em></strong></span> <span class='ocrx_word' id='word_1_372' title='bbox 219 2695 316 2765; x_wconf 74' lang='lat' dir='ltr'><strong><em>{onum</em></strong></span> <span class='ocrx_word' id='word_1_373' title='bbox 331 2707 407 2762; x_wconf 82' lang='lat' dir='ltr'><strong><em>super</em></strong></span> <span class='ocrx_word' id='word_1_374' title='bbox 420 2703 526 2759; x_wconf 86' lang='lat' dir='ltr'><strong><em>terrem,</em></strong></span> <span class='ocrx_word' id='word_1_375' title='bbox 539 2708 590 2746; x_wconf 87' lang='lat' dir='ltr'><strong><em>nou</em></strong></span> <span class='ocrx_word' id='word_1_376' title='bbox 602 2692 693 2762; x_wconf 74' lang='lat' dir='ltr'><strong><em>[ornem</em></strong></span> <span class='ocrx_word' id='word_1_377' title='bbox 713 2691 799 2761; x_wconf 82' lang='lat' dir='ltr'><strong><em>ponit,</em></strong></span> <span class='ocrx_word' id='word_1_378' title='bbox 815 2707 894 2763; x_wconf 85' lang='lat' dir='ltr'><strong><em>neque</em></strong></span> <span class='ocrx_word' id='word_1_379' title='bbox 903 2691 941 2746; x_wconf 83' lang='lat' dir='ltr'><strong><em>ri·</em></strong></span> <span class='ocrx_word' id='word_1_380' title='bbox 995 2691 1112 2760; x_wconf 73' lang='lat' dir='ltr'><strong><em>gregari.</em></strong></span> 
     </span>
    </p>

    <p class='ocr_par' dir='ltr' id='par_1_10' title="bbox 147 2780 1790 3040">
     <span class='ocr_line' id='line_1_43' title="bbox 147 2780 1789 2860; baseline -0.006 -16"><span class='ocrx_word' id='word_1_381' title='bbox 147 2788 291 2860; x_wconf 60' lang='lat' dir='ltr'><strong><em>inquo,</em></strong></span> <span class='ocrx_word' id='word_1_382' title='bbox 303 2788 348 2843; x_wconf 84' lang='lat' dir='ltr'><strong><em>red</em></strong></span> <span class='ocrx_word' id='word_1_383' title='bbox 361 2789 454 2860; x_wconf 71' lang='lat' dir='ltr'><strong><em>[amem</em></strong></span> <span class='ocrx_word' id='word_1_384' title='bbox 470 2788 590 2843; x_wconf 83' lang='lat' dir='ltr'><strong><em>audiendi</em></strong></span> <span class='ocrx_word' id='word_1_385' title='bbox 603 2787 704 2842; x_wconf 83' lang='lat' dir='ltr'><strong><em>uerbum</em></strong></span> <span class='ocrx_word' id='word_1_386' title='bbox 719 2787 766 2842; x_wconf 87' lang='lat' dir='ltr'><strong><em>Dei</em></strong></span> <span class='ocrx_word' id='word_1_387' title='bbox 781 2787 870 2859; x_wconf 79' lang='lat' dir='ltr'><strong><em>(Aurea</em></strong></span> <span class='ocrx_word' id='word_1_388' title='bbox 883 2804 940 2857; x_wconf 83' lang='lat' dir='ltr'><strong><em>ntur,</em></strong></span> <span class='ocrx_word' id='word_1_389' title='bbox 1028 2781 1104 2837; x_wconf 72' lang='lat' dir='ltr'><strong><em>Veis.</em></strong></span> <span class='ocrx_word' id='word_1_390' title='bbox 1133 2782 1174 2837; x_wconf 87' lang='lat' dir='ltr'><strong><em>lb.</em></strong></span> <span class='ocrx_word' id='word_1_391' title='bbox 1203 2780 1395 2837; x_wconf 79' lang='lat' dir='ltr'><strong><em>Fortitudinem</em></strong></span> <span class='ocrx_word' id='word_1_392' title='bbox 1418 2799 1501 2836; x_wconf 86' lang='lat' dir='ltr'><strong><em>meoet</em></strong></span> <span class='ocrx_word' id='word_1_393' title='bbox 1526 2783 1560 2835; x_wconf 85' lang='lat' dir='ltr'><strong><em>od</em></strong></span> <span class='ocrx_word' id='word_1_394' title='bbox 1579 2792 1604 2836; x_wconf 90' lang='lat' dir='ltr'><strong><em>te</em></strong></span> <span class='ocrx_word' id='word_1_395' title='bbox 1625 2784 1789 2848; x_wconf 82' lang='lat' dir='ltr'><strong><em>custodium,</em></strong></span> 
     </span>
     <span class='ocr_line' id='line_1_44' title="bbox 148 2876 1790 2951; baseline -0.003 -16"><span class='ocrx_word' id='word_1_396' title='bbox 148 2876 202 2948; x_wconf 82' lang='lat' dir='ltr'><strong><em>ii).</em></strong></span> <span class='ocrx_word' id='word_1_397' title='bbox 216 2877 342 2946; x_wconf 81' lang='lat' dir='ltr'><strong><em>additu,</em></strong></span> <span class='ocrx_word' id='word_1_398' title='bbox 362 2888 385 2934; x_wconf 84' lang='lat' dir='ltr'><strong><em>et</em></strong></span> <span class='ocrx_word' id='word_1_399' title='bbox 401 2880 543 2934; x_wconf 89' lang='lat' dir='ltr'><strong><em>circuibunt</em></strong></span> <span class='ocrx_word' id='word_1_400' title='bbox 565 2881 701 2934; x_wconf 86' lang='lat' dir='ltr'><strong><em>ciuitatem.</em></strong></span> <span class='ocrx_word' id='word_1_401' title='bbox 718 2880 854 2936; x_wconf 84' lang='lat' dir='ltr'><strong><em>lacedem</em></strong></span> <span class='ocrx_word' id='word_1_402' title='bbox 869 2896 943 2936; x_wconf 91' lang='lat' dir='ltr'><strong><em>cem·</em></strong></span> <span class='ocrx_word' id='word_1_403' title='bbox 990 2881 1061 2951; x_wconf 85' lang='lat' dir='ltr'><strong><em>quin,</em></strong></span> <span class='ocrx_word' id='word_1_404' title='bbox 1079 2878 1158 2946; x_wconf 85' lang='lat' dir='ltr'><strong><em>Deus,</em></strong></span> <span class='ocrx_word' id='word_1_405' title='bbox 1172 2889 1302 2950; x_wconf 81' lang='lat' dir='ltr'><strong><em>surreptor</em></strong></span> <span class='ocrx_word' id='word_1_406' title='bbox 1315 2895 1386 2933; x_wconf 79' lang='lat' dir='ltr'><strong><em>ruens</em></strong></span> <span class='ocrx_word' id='word_1_407' title='bbox 1409 2878 1592 2946; x_wconf 68' lang='lat' dir='ltr'><strong><em>insuperiori</em></strong></span> <span class='ocrx_word' id='word_1_408' title='bbox 1612 2878 1695 2931; x_wconf 79' lang='lat' dir='ltr'><strong><em>tonos</em></strong></span> <span class='ocrx_word' id='word_1_409' title='bbox 1720 2878 1790 2931; x_wconf 82' lang='lat' dir='ltr'><strong><em>diri·</em></strong></span> 
     </span>
     <span class='ocr_line' id='line_1_45' title="bbox 147 2965 1790 3040; baseline -0.004 -14"><span class='ocrx_word' id='word_1_410' title='bbox 147 2969 288 3040; x_wconf 77' lang='lat' dir='ltr'><strong><em>piraticae</em></strong></span> <span class='ocrx_word' id='word_1_411' title='bbox 300 2970 568 3039; x_wconf 74' lang='lat' dir='ltr'><strong><em>memansitcauom</em></strong></span> <span class='ocrx_word' id='word_1_412' title='bbox 579 2971 650 3027; x_wconf 89' lang='lat' dir='ltr'><strong><em>enim</em></strong></span> <span class='ocrx_word' id='word_1_413' title='bbox 664 2972 830 3027; x_wconf 89' lang='lat' dir='ltr'><strong><em>cousuetudo</em></strong></span> <span class='ocrx_word' id='word_1_414' title='bbox 842 2982 883 3028; x_wconf 91' lang='lat' dir='ltr'><strong><em>est</em></strong></span> <span class='ocrx_word' id='word_1_415' title='bbox 898 2973 941 3028; x_wconf 90' lang='lat' dir='ltr'><strong><em>illa</em></strong></span> <span class='ocrx_word' id='word_1_416' title='bbox 992 2985 1052 3025; x_wconf 90' lang='lat' dir='ltr'><strong><em>mrrs</em></strong></span> <span class='ocrx_word' id='word_1_417' title='bbox 1070 2985 1130 3025; x_wconf 86' lang='lat' dir='ltr'><strong><em>esse</em></strong></span> <span class='ocrx_word' id='word_1_418' title='bbox 1152 2969 1287 3024; x_wconf 87' lang='lat' dir='ltr'><strong><em>diabolum</em></strong></span> <span class='ocrx_word' id='word_1_419' title='bbox 1302 2984 1362 3022; x_wconf 89' lang='lat' dir='ltr'><strong><em>eum</em></strong></span> <span class='ocrx_word' id='word_1_420' title='bbox 1388 2968 1529 3031; x_wconf 85' lang='lat' dir='ltr'><strong><em>ministris,</em></strong></span> <span class='ocrx_word' id='word_1_421' title='bbox 1545 2969 1590 3035; x_wconf 91' lang='lat' dir='ltr'><strong><em>qui</em></strong></span> <span class='ocrx_word' id='word_1_422' title='bbox 1612 2965 1790 3037; x_wconf 72' lang='lat' dir='ltr'><strong><em>tortitudinem</em></strong></span> 
     </span>
    </p>
   </div>
   <div class='ocr_carea' id='block_1_10' title="bbox 148 3052 1792 3317">
    <p class='ocr_par' dir='ltr' id='par_1_11' title="bbox 148 3052 1792 3317">
     <span class='ocr_line' id='line_1_46' title="bbox 148 3052 1791 3138; baseline -0.002 -19"><span class='ocrx_word' id='word_1_423' title='bbox 148 3061 204 3119; x_wconf 74' lang='lat' dir='ltr'><strong><em>len</em></strong></span> <span class='ocrx_word' id='word_1_424' title='bbox 218 3061 374 3130; x_wconf 75' lang='lat' dir='ltr'><strong><em>detrudere,</em></strong></span> <span class='ocrx_word' id='word_1_425' title='bbox 391 3067 416 3118; x_wconf 89' lang='lat' dir='ltr'><strong><em>in</em></strong></span> <span class='ocrx_word' id='word_1_426' title='bbox 430 3063 526 3136; x_wconf 89' lang='lat' dir='ltr'><strong><em>quibus</em></strong></span> <span class='ocrx_word' id='word_1_427' title='bbox 539 3079 568 3120; x_wconf 88' lang='lat' dir='ltr'><strong><em>se</em></strong></span> <span class='ocrx_word' id='word_1_428' title='bbox 581 3074 679 3120; x_wconf 92' lang='lat' dir='ltr'><strong><em>eormrt</em></strong></span> <span class='ocrx_word' id='word_1_429' title='bbox 693 3065 848 3122; x_wconf 86' lang='lat' dir='ltr'><strong><em>alimoniam</em></strong></span> <span class='ocrx_word' id='word_1_430' title='bbox 863 3082 942 3136; x_wconf 88' lang='lat' dir='ltr'><strong><em>repe-</em></strong></span> <span class='ocrx_word' id='word_1_431' title='bbox 991 3079 1066 3118; x_wconf 88' lang='lat' dir='ltr'><strong><em>maru</em></strong></span> <span class='ocrx_word' id='word_1_432' title='bbox 1078 3065 1103 3116; x_wconf 92' lang='lat' dir='ltr'><strong><em>in</em></strong></span> <span class='ocrx_word' id='word_1_433' title='bbox 1125 3077 1155 3117; x_wconf 87' lang='lat' dir='ltr'><strong><em>se</em></strong></span> <span class='ocrx_word' id='word_1_434' title='bbox 1178 3073 1321 3138; x_wconf 86' lang='lat' dir='ltr'><strong><em>ponentes,</em></strong></span> <span class='ocrx_word' id='word_1_435' title='bbox 1337 3062 1371 3117; x_wconf 86' lang='lat' dir='ltr'><strong><em>ab</em></strong></span> <span class='ocrx_word' id='word_1_436' title='bbox 1387 3052 1487 3116; x_wconf 78' lang='lat' dir='ltr'><strong><em>aeterna</em></strong></span> <span class='ocrx_word' id='word_1_437' title='bbox 1510 3060 1670 3115; x_wconf 85' lang='lat' dir='ltr'><strong><em>celsitudine</em></strong></span> <span class='ocrx_word' id='word_1_438' title='bbox 1683 3074 1791 3138; x_wconf 84' lang='lat' dir='ltr'><strong><em>corrue-</em></strong></span> 
     </span>
     <span class='ocr_line' id='line_1_47' title="bbox 149 3152 1791 3226; baseline -0.003 -15"><span class='ocrx_word' id='word_1_439' title='bbox 149 3153 218 3211; x_wconf 83' lang='lat' dir='ltr'><strong><em>rbe:</em></strong></span> <span class='ocrx_word' id='word_1_440' title='bbox 232 3154 269 3209; x_wconf 84' lang='lat' dir='ltr'><strong><em>ita</em></strong></span> <span class='ocrx_word' id='word_1_441' title='bbox 282 3152 406 3211; x_wconf 84' lang='lat' dir='ltr'><strong><em>etiudrei</em></strong></span> <span class='ocrx_word' id='word_1_442' title='bbox 418 3154 473 3225; x_wconf 82' lang='lat' dir='ltr'><strong><em>jam</em></strong></span> <span class='ocrx_word' id='word_1_443' title='bbox 486 3157 609 3212; x_wconf 79' lang='lat' dir='ltr'><strong><em>conversi</em></strong></span> <span class='ocrx_word' id='word_1_444' title='bbox 624 3159 768 3226; x_wconf 81' lang='lat' dir='ltr'><strong><em>ciuitatem,</em></strong></span> <span class='ocrx_word' id='word_1_445' title='bbox 786 3158 866 3216; x_wconf 83' lang='lat' dir='ltr'><strong><em>idest</em></strong></span> <span class='ocrx_word' id='word_1_446' title='bbox 879 3175 941 3216; x_wconf 82' lang='lat' dir='ltr'><strong><em>sau·</em></strong></span> <span class='ocrx_word' id='word_1_447' title='bbox 993 3165 1064 3211; x_wconf 92' lang='lat' dir='ltr'><strong><em>runt.</em></strong></span> <span class='ocrx_word' id='word_1_448' title='bbox 1082 3155 1134 3210; x_wconf 86' lang='lat' dir='ltr'><strong><em>Sed</em></strong></span> <span class='ocrx_word' id='word_1_449' title='bbox 1152 3155 1279 3209; x_wconf 83' lang='lat' dir='ltr'><strong><em>llenrimrs</em></strong></span> <span class='ocrx_word' id='word_1_450' title='bbox 1294 3153 1417 3209; x_wconf 84' lang='lat' dir='ltr'><strong><em>Christus</em></strong></span> <span class='ocrx_word' id='word_1_451' title='bbox 1430 3153 1554 3206; x_wconf 83' lang='lat' dir='ltr'><strong><em>lnrmanru</em></strong></span> <span class='ocrx_word' id='word_1_452' title='bbox 1570 3152 1726 3222; x_wconf 75' lang='lat' dir='ltr'><strong><em>ignorantiae</em></strong></span> <span class='ocrx_word' id='word_1_453' title='bbox 1739 3152 1791 3206; x_wconf 93' lang='lat' dir='ltr'><strong><em>lor·</em></strong></span> 
     </span>
     <span class='ocr_line' id='line_1_48' title="bbox 149 3234 1792 3317; baseline -0.002 -17"><span class='ocrx_word' id='word_1_454' title='bbox 149 3253 215 3300; x_wconf 78' lang='lat' dir='ltr'><strong><em>rtem</em></strong></span> <span class='ocrx_word' id='word_1_455' title='bbox 230 3243 381 3301; x_wconf 72' lang='lat' dir='ltr'><strong><em>Ecclesiam</em></strong></span> <span class='ocrx_word' id='word_1_456' title='bbox 394 3244 545 3308; x_wconf 79' lang='lat' dir='ltr'><strong><em>defendent,</em></strong></span> <span class='ocrx_word' id='word_1_457' title='bbox 570 3260 650 3317; x_wconf 89' lang='lat' dir='ltr'><strong><em>quam</em></strong></span> <span class='ocrx_word' id='word_1_458' title='bbox 668 3248 797 3302; x_wconf 86' lang='lat' dir='ltr'><strong><em>cerrectis</em></strong></span> <span class='ocrx_word' id='word_1_459' title='bbox 813 3250 943 3317; x_wconf 76' lang='lat' dir='ltr'><strong><em>praedica·</em></strong></span> <span class='ocrx_word' id='word_1_460' title='bbox 958 3234 982 3299; x_wconf 82' lang='lat' dir='ltr'>C</span> <span class='ocrx_word' id='word_1_461' title='bbox 996 3262 1066 3301; x_wconf 89' lang='lat' dir='ltr'><strong><em>mam</em></strong></span> <span class='ocrx_word' id='word_1_462' title='bbox 1092 3261 1139 3300; x_wconf 85' lang='lat' dir='ltr'><strong><em>rer</em></strong></span> <span class='ocrx_word' id='word_1_463' title='bbox 1151 3245 1212 3300; x_wconf 87' lang='lat' dir='ltr'><strong><em>tatis</em></strong></span> <span class='ocrx_word' id='word_1_464' title='bbox 1237 3245 1394 3308; x_wconf 88' lang='lat' dir='ltr'><strong><em>osteudens,</em></strong></span> <span class='ocrx_word' id='word_1_465' title='bbox 1420 3243 1595 3314; x_wconf 74' lang='lat' dir='ltr'><strong><em>fortitudinem</em></strong></span> <span class='ocrx_word' id='word_1_466' title='bbox 1620 3243 1792 3297; x_wconf 88' lang='lat' dir='ltr'><strong><em>lrmrtanitatis</em></strong></span> 
     </span>
    </p>
   </div>
   <div class='ocr_carea' id='block_1_11' title="bbox 126 3334 948 4600">
    <p class='ocr_par' dir='ltr' id='par_1_12' title="bbox 126 3334 948 4600">
     <span class='ocr_line' id='line_1_49' title="bbox 150 3334 944 3413; baseline 0.006 -20"><span class='ocrx_word' id='word_1_467' title='bbox 150 3334 265 3393; x_wconf 56' lang='lat' dir='ltr'><strong><em>&amp;uibus</em></strong></span> <span class='ocrx_word' id='word_1_468' title='bbox 277 3337 430 3392; x_wconf 81' lang='lat' dir='ltr'><strong><em>circuibunt.</em></strong></span> <span class='ocrx_word' id='word_1_469' title='bbox 443 3336 524 3392; x_wconf 76' lang='lat' dir='ltr'><strong><em>Cuneo</em></strong></span> <span class='ocrx_word' id='word_1_470' title='bbox 544 3340 614 3392; x_wconf 89' lang='lat' dir='ltr'><strong><em>euim</em></strong></span> <span class='ocrx_word' id='word_1_471' title='bbox 630 3339 755 3396; x_wconf 85' lang='lat' dir='ltr'><strong><em>fidelibus</em></strong></span> <span class='ocrx_word' id='word_1_472' title='bbox 775 3353 944 3413; x_wconf 77' lang='lat' dir='ltr'><strong><em>comparatos</em></strong></span> 
     </span>
     <span class='ocr_line' id='line_1_50' title="bbox 149 3422 946 3502; baseline 0.006 -18"><span class='ocrx_word' id='word_1_473' title='bbox 149 3422 287 3499; x_wconf 78' lang='lat' dir='ltr'><strong><em>Evangelii</em></strong></span> <span class='ocrx_word' id='word_1_474' title='bbox 309 3427 448 3498; x_wconf 75' lang='lat' dir='ltr'><strong><em>Scriptura</em></strong></span> <span class='ocrx_word' id='word_1_475' title='bbox 475 3438 601 3484; x_wconf 81' lang='lat' dir='ltr'><strong><em>testatur.</em></strong></span> <span class='ocrx_word' id='word_1_476' title='bbox 630 3429 698 3486; x_wconf 83' lang='lat' dir='ltr'><strong><em>Dicit</em></strong></span> <span class='ocrx_word' id='word_1_477' title='bbox 722 3433 820 3502; x_wconf 86' lang='lat' dir='ltr'><strong><em>quippe</em></strong></span> <span class='ocrx_word' id='word_1_478' title='bbox 849 3435 946 3489; x_wconf 83' lang='lat' dir='ltr'><strong><em>mulier</em></strong></span> 
     </span>
     <span class='ocr_line' id='line_1_51' title="bbox 150 3516 946 3590; baseline 0.008 -16"><span class='ocrx_word' id='word_1_479' title='bbox 150 3516 322 3575; x_wconf 74' lang='lat' dir='ltr'><strong><em>ibauanaeu:</em></strong></span> <span class='ocrx_word' id='word_1_480' title='bbox 338 3517 440 3590; x_wconf 80' lang='lat' dir='ltr'><strong><em>Utique,</em></strong></span> <span class='ocrx_word' id='word_1_481' title='bbox 464 3517 571 3575; x_wconf 83' lang='lat' dir='ltr'><strong><em>Dareine</em></strong></span> <span class='ocrx_word' id='word_1_482' title='bbox 587 3535 596 3574; x_wconf 91' lang='grc'><strong><em>.·</em></strong></span> <span class='ocrx_word' id='word_1_483' title='bbox 610 3538 669 3575; x_wconf 88' lang='lat' dir='ltr'><strong><em>nom</em></strong></span> <span class='ocrx_word' id='word_1_484' title='bbox 679 3531 702 3575; x_wconf 92' lang='lat' dir='ltr'><strong><em>et</em></strong></span> <span class='ocrx_word' id='word_1_485' title='bbox 723 3538 797 3577; x_wconf 84' lang='lat' dir='ltr'><strong><em>coner</em></strong></span> <span class='ocrx_word' id='word_1_486' title='bbox 819 3525 899 3578; x_wconf 88' lang='lat' dir='ltr'><strong><em>edunt</em></strong></span> <span class='ocrx_word' id='word_1_487' title='bbox 914 3525 946 3580; x_wconf 84' lang='lat' dir='ltr'><strong><em>tie</em></strong></span> 
     </span>
     <span class='ocr_line' id='line_1_52' title="bbox 151 3609 945 3682; baseline 0.003 -17"><span class='ocrx_word' id='word_1_488' title='bbox 151 3611 219 3665; x_wconf 73' lang='lat' dir='ltr'><strong><em>stete</em></strong></span> <span class='ocrx_word' id='word_1_489' title='bbox 245 3624 307 3682; x_wconf 77' lang='lat' dir='ltr'><strong><em>queo</em></strong></span> <span class='ocrx_word' id='word_1_490' title='bbox 331 3612 425 3663; x_wconf 81' lang='lat' dir='ltr'><strong><em>eodum</em></strong></span> <span class='ocrx_word' id='word_1_491' title='bbox 462 3609 494 3664; x_wconf 79' lang='lat' dir='ltr'><strong><em>tt‘e</em></strong></span> <span class='ocrx_word' id='word_1_492' title='bbox 522 3625 608 3664; x_wconf 75' lang='lat' dir='ltr'><strong><em>neure</em></strong></span> <span class='ocrx_word' id='word_1_493' title='bbox 641 3611 806 3666; x_wconf 85' lang='lat' dir='ltr'><strong><em>dominorum</em></strong></span> <span class='ocrx_word' id='word_1_494' title='bbox 838 3630 945 3668; x_wconf 83' lang='lat' dir='ltr'><strong><em>reorum</em></strong></span> 
     </span>
     <span class='ocr_line' id='line_1_53' title="bbox 153 3700 946 3776; baseline 0.004 -17"><span class='ocrx_word' id='word_1_495' title='bbox 153 3700 246 3773; x_wconf 68' lang='lat' dir='ltr'><strong><em>(darc.</em></strong></span> <span class='ocrx_word' id='word_1_496' title='bbox 262 3720 318 3771; x_wconf 90' lang='lat' dir='ltr'><strong><em>rn,</em></strong></span> <span class='ocrx_word' id='word_1_497' title='bbox 339 3702 398 3775; x_wconf 71' lang='lat'><strong>28).</strong></span> <span class='ocrx_word' id='word_1_498' title='bbox 417 3703 472 3759; x_wconf 86' lang='lat' dir='ltr'><strong><em>lloc</em></strong></span> <span class='ocrx_word' id='word_1_499' title='bbox 493 3703 601 3759; x_wconf 86' lang='lat' dir='ltr'><strong><em>schema</em></strong></span> <span class='ocrx_word' id='word_1_500' title='bbox 615 3705 712 3760; x_wconf 89' lang='lat' dir='ltr'><strong><em>dieitur</em></strong></span> <span class='ocrx_word' id='word_1_501' title='bbox 727 3711 851 3776; x_wconf 75' lang='lat' dir='ltr'><strong><em>rerrlpma,</em></strong></span> <span class='ocrx_word' id='word_1_502' title='bbox 864 3707 890 3761; x_wconf 89' lang='lat' dir='ltr'><strong><em>id</em></strong></span> <span class='ocrx_word' id='word_1_503' title='bbox 905 3717 946 3763; x_wconf 90' lang='lat' dir='ltr'><strong><em>est</em></strong></span> 
     </span>
     <span class='ocr_line' id='line_1_54' title="bbox 153 3795 945 3870; baseline 0.001 -18"><span class='ocrx_word' id='word_1_504' title='bbox 153 3795 261 3852; x_wconf 54' lang='lat' dir='ltr'><strong><em>&amp;cara</em></strong></span> <span class='ocrx_word' id='word_1_505' title='bbox 277 3795 497 3866; x_wconf 65' lang='lat' dir='ltr'><strong><em>sententiaque</em></strong></span> <span class='ocrx_word' id='word_1_506' title='bbox 519 3804 546 3852; x_wconf 89' lang='lat' dir='ltr'><strong><em>et</em></strong></span> <span class='ocrx_word' id='word_1_507' title='bbox 569 3797 627 3866; x_wconf 89' lang='lat' dir='ltr'><strong><em>ipsa</em></strong></span> <span class='ocrx_word' id='word_1_508' title='bbox 654 3799 771 3866; x_wconf 79' lang='lat' dir='ltr'><strong><em>pertinet</em></strong></span> <span class='ocrx_word' id='word_1_509' title='bbox 792 3798 826 3853; x_wconf 92' lang='lat' dir='ltr'><strong><em>ad</em></strong></span> <span class='ocrx_word' id='word_1_510' title='bbox 845 3799 945 3870; x_wconf 74' lang='lat' dir='ltr'><strong><em>allege-</em></strong></span> 
     </span>
     <span class='ocr_line' id='line_1_55' title="bbox 153 3884 788 3960; baseline -0.003 -18"><span class='ocrx_word' id='word_1_511' title='bbox 153 3884 233 3954; x_wconf 61' lang='lat' dir='ltr'><strong><em>rtrum</em></strong></span> <span class='ocrx_word' id='word_1_512' title='bbox 249 3885 326 3942; x_wconf 89' lang='lat' dir='ltr'><strong><em>allud</em></strong></span> <span class='ocrx_word' id='word_1_513' title='bbox 339 3885 410 3942; x_wconf 89' lang='lat' dir='ltr'><strong><em>euim</em></strong></span> <span class='ocrx_word' id='word_1_514' title='bbox 424 3887 500 3954; x_wconf 90' lang='lat' dir='ltr'><strong><em>dicit,</em></strong></span> <span class='ocrx_word' id='word_1_515' title='bbox 519 3898 545 3942; x_wconf 88' lang='lat' dir='ltr'><strong><em>et</em></strong></span> <span class='ocrx_word' id='word_1_516' title='bbox 561 3888 631 3944; x_wconf 90' lang='lat' dir='ltr'><strong><em>aliud</em></strong></span> <span class='ocrx_word' id='word_1_517' title='bbox 646 3889 788 3960; x_wconf 77' lang='lat' dir='ltr'><strong><em>siguificat.</em></strong></span> 
     </span>
     <span class='ocr_line' id='line_1_56' title="bbox 182 3970 946 4054; baseline -0.001 -15"><span class='ocrx_word' id='word_1_518' title='bbox 182 3982 263 4039; x_wconf 70' lang='lat' dir='ltr'><strong><em>Vere.</em></strong></span> <span class='ocrx_word' id='word_1_519' title='bbox 277 3982 306 4037; x_wconf 86' lang='lat'><strong><em>8.</em></strong></span> <span class='ocrx_word' id='word_1_520' title='bbox 328 3979 395 4037; x_wconf 80' lang='lat' dir='ltr'><strong><em>Eece</em></strong></span> <span class='ocrx_word' id='word_1_521' title='bbox 412 3983 461 4054; x_wconf 83' lang='lat' dir='ltr'><strong><em>ipsi</em></strong></span> <span class='ocrx_word' id='word_1_522' title='bbox 483 3982 617 4053; x_wconf 85' lang='lat' dir='ltr'><strong><em>loquentur</em></strong></span> <span class='ocrx_word' id='word_1_523' title='bbox 632 3984 658 4038; x_wconf 87' lang='lat' dir='ltr'><strong><em>iu</em></strong></span> <span class='ocrx_word' id='word_1_524' title='bbox 670 3970 785 4050; x_wconf 66' lang='lat' dir='ltr'><strong><em>oreouo,</em></strong></span> <span class='ocrx_word' id='word_1_525' title='bbox 807 3994 831 4037; x_wconf 88' lang='lat' dir='ltr'><strong><em>et</em></strong></span> <span class='ocrx_word' id='word_1_526' title='bbox 844 3984 946 4053; x_wconf 81' lang='lat' dir='ltr'><strong><em>qiodiue</em></strong></span> 
     </span>
     <span class='ocr_line' id='line_1_57' title="bbox 146 4068 948 4146; baseline 0 -16"><span class='ocrx_word' id='word_1_527' title='bbox 146 4068 262 4130; x_wconf 63' lang='lat' dir='ltr'><strong><em>biubiir</em></strong></span> <span class='ocrx_word' id='word_1_528' title='bbox 285 4089 395 4128; x_wconf 85' lang='lat' dir='ltr'><strong><em>eorum:</em></strong></span> <span class='ocrx_word' id='word_1_529' title='bbox 421 4076 540 4144; x_wconf 88' lang='lat' dir='ltr'><strong><em>quonium</em></strong></span> <span class='ocrx_word' id='word_1_530' title='bbox 563 4077 620 4146; x_wconf 85' lang='lat' dir='ltr'><strong><em>quir</em></strong></span> <span class='ocrx_word' id='word_1_531' title='bbox 651 4076 773 4131; x_wconf 84' lang='lat' dir='ltr'><strong><em>audiuit?</em></strong></span> <span class='ocrx_word' id='word_1_532' title='bbox 798 4074 948 4146; x_wconf 86' lang='lat' dir='ltr'><strong><em>Loquentur</em></strong></span> 
     </span>
     <span class='ocr_line' id='line_1_58' title="bbox 146 4164 948 4236; baseline 0.001 -14"><span class='ocrx_word' id='word_1_533' title='bbox 146 4166 228 4232; x_wconf 70' lang='lat' dir='ltr'><strong><em>usae</em></strong></span> <span class='ocrx_word' id='word_1_534' title='bbox 242 4175 308 4222; x_wconf 89' lang='lat' dir='ltr'><strong><em>tuae</em></strong></span> <span class='ocrx_word' id='word_1_535' title='bbox 321 4165 348 4219; x_wconf 88' lang='lat' dir='ltr'><strong><em>in</em></strong></span> <span class='ocrx_word' id='word_1_536' title='bbox 361 4182 471 4231; x_wconf 82' lang='lat' dir='ltr'><strong><em>ereruo,</em></strong></span> <span class='ocrx_word' id='word_1_537' title='bbox 488 4165 558 4236; x_wconf 91' lang='lat' dir='ltr'><strong><em>qued</em></strong></span> <span class='ocrx_word' id='word_1_538' title='bbox 573 4182 643 4222; x_wconf 93' lang='lat' dir='ltr'><strong><em>nunc</em></strong></span> <span class='ocrx_word' id='word_1_539' title='bbox 659 4164 757 4223; x_wconf 85' lang='lat' dir='ltr'><strong><em>babere</em></strong></span> <span class='ocrx_word' id='word_1_540' title='bbox 773 4182 826 4222; x_wconf 94' lang='lat' dir='ltr'><strong><em>non</em></strong></span> <span class='ocrx_word' id='word_1_541' title='bbox 841 4184 948 4223; x_wconf 88' lang='lat' dir='ltr'><strong><em>ureren-</em></strong></span> 
     </span>
     <span class='ocr_line' id='line_1_59' title="bbox 138 4255 947 4330; baseline 0 -17"><span class='ocrx_word' id='word_1_542' title='bbox 138 4256 192 4313; x_wconf 68' lang='lat' dir='ltr'><strong><em>iur</em></strong></span> <span class='ocrx_word' id='word_1_543' title='bbox 205 4256 235 4311; x_wconf 90' lang='lat' dir='ltr'><strong><em>in</em></strong></span> <span class='ocrx_word' id='word_1_544' title='bbox 249 4255 347 4324; x_wconf 84' lang='lat' dir='ltr'><strong><em>corde,</em></strong></span> <span class='ocrx_word' id='word_1_545' title='bbox 362 4256 483 4326; x_wconf 84' lang='lat' dir='ltr'><strong><em>aliosque</em></strong></span> <span class='ocrx_word' id='word_1_546' title='bbox 497 4257 530 4310; x_wconf 88' lang='lat' dir='ltr'><strong><em>ad</em></strong></span> <span class='ocrx_word' id='word_1_547' title='bbox 553 4258 621 4312; x_wconf 88' lang='lat' dir='ltr'><strong><em>lreua</em></strong></span> <span class='ocrx_word' id='word_1_548' title='bbox 636 4270 802 4324; x_wconf 85' lang='lat' dir='ltr'><strong><em>cermertcnt,</em></strong></span> <span class='ocrx_word' id='word_1_549' title='bbox 819 4275 878 4330; x_wconf 80' lang='lat' dir='ltr'><strong><em>qure</em></strong></span> <span class='ocrx_word' id='word_1_550' title='bbox 896 4259 947 4329; x_wconf 83' lang='lat' dir='ltr'><strong><em>ipsi</em></strong></span> 
     </span>
     <span class='ocr_line' id='line_1_60' title="bbox 135 4347 947 4422; baseline 0.001 -19"><span class='ocrx_word' id='word_1_551' title='bbox 135 4347 225 4414; x_wconf 57' lang='lat' dir='ltr'><strong><em>&amp;ios</em></strong></span> <span class='ocrx_word' id='word_1_552' title='bbox 247 4347 362 4402; x_wconf 84' lang='lat' dir='ltr'><strong><em>credere</em></strong></span> <span class='ocrx_word' id='word_1_553' title='bbox 376 4348 529 4402; x_wconf 88' lang='lat' dir='ltr'><strong><em>noluerunt.</em></strong></span> <span class='ocrx_word' id='word_1_554' title='bbox 546 4348 682 4419; x_wconf 88' lang='lat' dir='ltr'><strong><em>Sequitur,</em></strong></span> <span class='ocrx_word' id='word_1_555' title='bbox 707 4360 732 4404; x_wconf 91' lang='lat' dir='ltr'><strong><em>et</em></strong></span> <span class='ocrx_word' id='word_1_556' title='bbox 744 4352 846 4422; x_wconf 80' lang='lat' dir='ltr'><strong><em>plurilus</em></strong></span> <span class='ocrx_word' id='word_1_557' title='bbox 861 4352 886 4404; x_wconf 88' lang='lat' dir='ltr'><strong><em>in</em></strong></span> <span class='ocrx_word' id='word_1_558' title='bbox 905 4351 947 4405; x_wconf 88' lang='lat' dir='ltr'><strong><em>tu·</em></strong></span> 
     </span>
     <span class='ocr_line' id='line_1_61' title="bbox 130 4429 946 4510; baseline 0.005 -18"><span class='ocrx_word' id='word_1_559' title='bbox 130 4429 195 4492; x_wconf 68' lang='lat' dir='ltr'><strong><em>hro</em></strong></span> <span class='ocrx_word' id='word_1_560' title='bbox 211 4451 315 4492; x_wconf 75' lang='lat' dir='ltr'><strong><em>eorum.</em></strong></span> <span class='ocrx_word' id='word_1_561' title='bbox 332 4436 389 4491; x_wconf 82' lang='lat' dir='ltr'><strong><em>Erit</em></strong></span> <span class='ocrx_word' id='word_1_562' title='bbox 404 4438 494 4508; x_wconf 89' lang='lat' dir='ltr'><strong><em>utique</em></strong></span> <span class='ocrx_word' id='word_1_563' title='bbox 508 4438 535 4491; x_wconf 88' lang='lat' dir='ltr'><strong><em>in</em></strong></span> <span class='ocrx_word' id='word_1_564' title='bbox 557 4438 631 4492; x_wconf 85' lang='lat' dir='ltr'><strong><em>iubiia</em></strong></span> <span class='ocrx_word' id='word_1_565' title='bbox 644 4454 732 4493; x_wconf 88' lang='lat' dir='ltr'><strong><em>eorum</em></strong></span> <span class='ocrx_word' id='word_1_566' title='bbox 745 4441 848 4510; x_wconf 77' lang='lat' dir='ltr'><strong><em>qlndius</em></strong></span> <span class='ocrx_word' id='word_1_567' title='bbox 863 4441 946 4496; x_wconf 85' lang='lat' dir='ltr'><strong><em>coele-</em></strong></span> 
     </span>
     <span class='ocr_line' id='line_1_62' title="bbox 126 4526 946 4600; baseline 0.009 -19"><span class='ocrx_word' id='word_1_568' title='bbox 126 4527 210 4595; x_wconf 60' lang='lat' dir='ltr'><strong><em>uir,</em></strong></span> <span class='ocrx_word' id='word_1_569' title='bbox 224 4526 272 4597; x_wconf 85' lang='lat' dir='ltr'><strong><em>qui</em></strong></span> <span class='ocrx_word' id='word_1_570' title='bbox 289 4526 385 4597; x_wconf 75' lang='lat' dir='ltr'><strong><em>legiter</em></strong></span> <span class='ocrx_word' id='word_1_571' title='bbox 407 4528 448 4583; x_wconf 87' lang='lat' dir='ltr'><strong><em>bis</em></strong></span> <span class='ocrx_word' id='word_1_572' title='bbox 467 4539 571 4596; x_wconf 86' lang='lat' dir='ltr'><strong><em>acutus,</em></strong></span> <span class='ocrx_word' id='word_1_573' title='bbox 588 4545 620 4585; x_wconf 86' lang='lat' dir='ltr'><strong><em>cx</em></strong></span> <span class='ocrx_word' id='word_1_574' title='bbox 637 4541 749 4600; x_wconf 87' lang='lat' dir='ltr'><strong><em>utroque</em></strong></span> <span class='ocrx_word' id='word_1_575' title='bbox 774 4531 946 4588; x_wconf 89' lang='lat' dir='ltr'><strong><em>Tcstamento</em></strong></span> 
     </span>
    </p>
   </div>
   <div class='ocr_carea' id='block_1_12' title="bbox 995 3333 1795 4596">
    <p class='ocr_par' dir='ltr' id='par_1_13' title="bbox 995 3333 1793 4232">
     <span class='ocr_line' id='line_1_63' title="bbox 995 3333 1792 3407; baseline -0.006 -15"><span class='ocrx_word' id='word_1_576' title='bbox 995 3353 1061 3407; x_wconf 79' lang='lat' dir='ltr'><strong><em>sue,</em></strong></span> <span class='ocrx_word' id='word_1_577' title='bbox 1079 3337 1181 3392; x_wconf 85' lang='lat' dir='ltr'><strong><em>Domini</em></strong></span> <span class='ocrx_word' id='word_1_578' title='bbox 1197 3337 1261 3392; x_wconf 89' lang='lat' dir='ltr'><strong><em>dicit</em></strong></span> <span class='ocrx_word' id='word_1_579' title='bbox 1285 3335 1421 3392; x_wconf 76' lang='lat' dir='ltr'><strong><em>beneflciis</em></strong></span> <span class='ocrx_word' id='word_1_580' title='bbox 1446 3334 1647 3404; x_wconf 83' lang='lat' dir='ltr'><strong><em>applicarrdanr;</em></strong></span> <span class='ocrx_word' id='word_1_581' title='bbox 1671 3345 1700 3388; x_wconf 96' lang='lat' dir='ltr'><strong><em>ut</em></strong></span> <span class='ocrx_word' id='word_1_582' title='bbox 1722 3333 1792 3389; x_wconf 86' lang='lat' dir='ltr'><strong><em>sicut</em></strong></span> 
     </span>
     <span class='ocr_line' id='line_1_64' title="bbox 996 3425 1792 3500; baseline -0.006 -17"><span class='ocrx_word' id='word_1_583' title='bbox 996 3444 1045 3500; x_wconf 86' lang='lat' dir='ltr'><strong><em>per</em></strong></span> <span class='ocrx_word' id='word_1_584' title='bbox 1060 3427 1135 3482; x_wconf 88' lang='lat' dir='ltr'><strong><em>illurn</em></strong></span> <span class='ocrx_word' id='word_1_585' title='bbox 1158 3427 1342 3482; x_wconf 82' lang='lat' dir='ltr'><strong><em>insidiatorem</em></strong></span> <span class='ocrx_word' id='word_1_586' title='bbox 1359 3426 1436 3481; x_wconf 84' lang='lat' dir='ltr'><strong><em>neria</em></strong></span> <span class='ocrx_word' id='word_1_587' title='bbox 1451 3425 1604 3492; x_wconf 89' lang='lat' dir='ltr'><strong><em>didicimus,</em></strong></span> <span class='ocrx_word' id='word_1_588' title='bbox 1622 3426 1658 3480; x_wconf 86' lang='lat' dir='ltr'><strong><em>ita</em></strong></span> <span class='ocrx_word' id='word_1_589' title='bbox 1672 3440 1719 3496; x_wconf 91' lang='lat' dir='ltr'><strong><em>per</em></strong></span> <span class='ocrx_word' id='word_1_590' title='bbox 1743 3441 1792 3479; x_wconf 87' lang='lat' dir='ltr'><strong><em>ue·</em></strong></span> 
     </span>
     <span class='ocr_line' id='line_1_65' title="bbox 996 3519 1791 3590; baseline -0.003 -15"><span class='ocrx_word' id='word_1_591' title='bbox 996 3536 1055 3575; x_wconf 93' lang='lat' dir='ltr'><strong><em>rum</em></strong></span> <span class='ocrx_word' id='word_1_592' title='bbox 1070 3519 1288 3588; x_wconf 71' lang='lat' dir='ltr'><strong><em>liederuptorcm,</em></strong></span> <span class='ocrx_word' id='word_1_593' title='bbox 1309 3536 1368 3587; x_wconf 88' lang='lat' dir='ltr'><strong><em>quae</em></strong></span> <span class='ocrx_word' id='word_1_594' title='bbox 1392 3529 1453 3575; x_wconf 92' lang='lat' dir='ltr'><strong><em>suut</em></strong></span> <span class='ocrx_word' id='word_1_595' title='bbox 1478 3520 1615 3590; x_wconf 81' lang='lat' dir='ltr'><strong><em>protutura</em></strong></span> <span class='ocrx_word' id='word_1_596' title='bbox 1636 3533 1791 3575; x_wconf 79' lang='lat' dir='ltr'><strong><em>noscantur.</em></strong></span> 
     </span>
     <span class='ocr_line' id='line_1_66' title="bbox 996 3611 1793 3684; baseline -0.005 -18"><span class='ocrx_word' id='word_1_597' title='bbox 996 3611 1062 3666; x_wconf 84' lang='lat' dir='ltr'><strong><em>Nam</em></strong></span> <span class='ocrx_word' id='word_1_598' title='bbox 1078 3611 1148 3680; x_wconf 92' lang='lat' dir='ltr'><strong><em>quod</em></strong></span> <span class='ocrx_word' id='word_1_599' title='bbox 1161 3614 1208 3676; x_wconf 69' lang='lat' dir='ltr'><strong><em>ait,</em></strong></span> <span class='ocrx_word' id='word_1_600' title='bbox 1224 3611 1257 3667; x_wconf 88' lang='lat' dir='ltr'><strong><em>od</em></strong></span> <span class='ocrx_word' id='word_1_601' title='bbox 1268 3621 1292 3665; x_wconf 91' lang='lat' dir='ltr'><strong><em>te</em></strong></span> <span class='ocrx_word' id='word_1_602' title='bbox 1306 3611 1459 3679; x_wconf 82' lang='lat' dir='ltr'><strong><em>custodium,</em></strong></span> <span class='ocrx_word' id='word_1_603' title='bbox 1475 3620 1575 3665; x_wconf 88' lang='lat' dir='ltr'><strong><em>mutato</em></strong></span> <span class='ocrx_word' id='word_1_604' title='bbox 1592 3611 1694 3684; x_wconf 80' lang='lat' dir='ltr'><strong><em>syllaba</em></strong></span> <span class='ocrx_word' id='word_1_605' title='bbox 1709 3611 1793 3679; x_wconf 66' lang='lat' dir='ltr'><strong><em>equi-</em></strong></span> 
     </span>
     <span class='ocr_line' id='line_1_67' title="bbox 997 3700 1793 3774; baseline -0.005 -16"><span class='ocrx_word' id='word_1_606' title='bbox 997 3702 1056 3759; x_wconf 82' lang='lat' dir='ltr'><strong><em>dem</em></strong></span> <span class='ocrx_word' id='word_1_607' title='bbox 1068 3718 1114 3771; x_wconf 91' lang='lat' dir='ltr'><strong><em>per</em></strong></span> <span class='ocrx_word' id='word_1_608' title='bbox 1126 3711 1152 3758; x_wconf 89' lang='lat' dir='ltr'><strong><em>te</em></strong></span> <span class='ocrx_word' id='word_1_609' title='bbox 1164 3705 1306 3758; x_wconf 78' lang='lat' dir='ltr'><strong><em>cristodiom</em></strong></span> <span class='ocrx_word' id='word_1_610' title='bbox 1317 3703 1492 3774; x_wconf 68' lang='lat' dir='ltr'><strong><em>tortitudinem</em></strong></span> <span class='ocrx_word' id='word_1_611' title='bbox 1504 3719 1597 3767; x_wconf 74' lang='lat' dir='ltr'><strong><em>meum·</em></strong></span> <span class='ocrx_word' id='word_1_612' title='bbox 1607 3701 1677 3771; x_wconf 90' lang='lat' dir='ltr'><strong><em>qued</em></strong></span> <span class='ocrx_word' id='word_1_613' title='bbox 1688 3702 1714 3755; x_wconf 91' lang='lat' dir='ltr'><strong><em>iu</em></strong></span> <span class='ocrx_word' id='word_1_614' title='bbox 1725 3703 1767 3756; x_wconf 87' lang='lat' dir='ltr'><strong><em>Sc·</em></strong></span> <span class='ocrx_word' id='word_1_615' title='bbox 1776 3700 1793 3754; x_wconf 88' lang='lat' dir='ltr'><strong><em>i·</em></strong></span> 
     </span>
     <span class='ocr_line' id='line_1_68' title="bbox 996 3793 1792 3866; baseline -0.005 -18"><span class='ocrx_word' id='word_1_616' title='bbox 996 3795 1081 3866; x_wconf 85' lang='lat' dir='ltr'><strong><em>pturis</em></strong></span> <span class='ocrx_word' id='word_1_617' title='bbox 1101 3795 1199 3850; x_wconf 86' lang='lat' dir='ltr'><strong><em>divinis</em></strong></span> <span class='ocrx_word' id='word_1_618' title='bbox 1219 3796 1317 3863; x_wconf 78' lang='lat' dir='ltr'><strong><em>saeqrius</em></strong></span> <span class='ocrx_word' id='word_1_619' title='bbox 1341 3795 1483 3849; x_wconf 85' lang='lat' dir='ltr'><strong><em>iuvenitur.</em></strong></span> <span class='ocrx_word' id='word_1_620' title='bbox 1507 3796 1572 3860; x_wconf 77' lang='lat' dir='ltr'><strong><em>Qun</em></strong></span> <span class='ocrx_word' id='word_1_621' title='bbox 1592 3797 1675 3864; x_wconf 76' lang='lat' dir='ltr'><strong><em>ligura</em></strong></span> <span class='ocrx_word' id='word_1_622' title='bbox 1696 3793 1792 3847; x_wconf 88' lang='lat' dir='ltr'><strong><em>dicitur</em></strong></span> 
     </span>
     <span class='ocr_line' id='line_1_69' title="bbox 997 3880 1792 3957; baseline -0.008 -15"><span class='ocrx_word' id='word_1_623' title='bbox 997 3885 1148 3957; x_wconf 85' lang='lat' dir='ltr'><strong><em>prothesios</em></strong></span> <span class='ocrx_word' id='word_1_624' title='bbox 1159 3880 1304 3955; x_wconf 71' lang='lat' dir='ltr'><strong><em>parallage,</em></strong></span> <span class='ocrx_word' id='word_1_625' title='bbox 1319 3902 1380 3938; x_wconf 85' lang='lat' dir='ltr'><strong><em>cum</em></strong></span> <span class='ocrx_word' id='word_1_626' title='bbox 1393 3888 1478 3939; x_wconf 87' lang='lat' dir='ltr'><strong><em>altera</em></strong></span> <span class='ocrx_word' id='word_1_627' title='bbox 1492 3886 1638 3953; x_wconf 85' lang='lat' dir='ltr'><strong><em>propositio</em></strong></span> <span class='ocrx_word' id='word_1_628' title='bbox 1650 3899 1699 3950; x_wconf 90' lang='lat' dir='ltr'><strong><em>pre</em></strong></span> <span class='ocrx_word' id='word_1_629' title='bbox 1709 3884 1792 3936; x_wconf 81' lang='lat' dir='ltr'><strong><em>altere</em></strong></span> 
     </span>
     <span class='ocr_line' id='line_1_70' title="bbox 997 3973 1793 4046; baseline -0.01 -14"><span class='ocrx_word' id='word_1_630' title='bbox 997 3976 1113 4045; x_wconf 87' lang='lat' dir='ltr'><strong><em>portitor.</em></strong></span> <span class='ocrx_word' id='word_1_631' title='bbox 1129 3975 1265 4046; x_wconf 84' lang='lat' dir='ltr'><strong><em>Sequitur,</em></strong></span> <span class='ocrx_word' id='word_1_632' title='bbox 1282 3975 1352 4043; x_wconf 83' lang='lat' dir='ltr'><strong><em>quie,</em></strong></span> <span class='ocrx_word' id='word_1_633' title='bbox 1368 3975 1448 4039; x_wconf 79' lang='lat' dir='ltr'><strong><em>liene,</em></strong></span> <span class='ocrx_word' id='word_1_634' title='bbox 1458 3984 1590 4043; x_wconf 74' lang='lat' dir='ltr'><strong><em>susceptor</em></strong></span> <span class='ocrx_word' id='word_1_635' title='bbox 1603 3990 1672 4027; x_wconf 84' lang='lat' dir='ltr'><strong><em>nteur</em></strong></span> <span class='ocrx_word' id='word_1_636' title='bbox 1684 3989 1719 4024; x_wconf 82' lang='lat' dir='ltr'><strong><em>ea.</em></strong></span> <span class='ocrx_word' id='word_1_637' title='bbox 1730 3973 1793 4025; x_wconf 81' lang='lat' dir='ltr'><strong><em>lle-</em></strong></span> 
     </span>
     <span class='ocr_line' id='line_1_71' title="bbox 998 4063 1792 4137; baseline -0.01 -13"><span class='ocrx_word' id='word_1_638' title='bbox 998 4069 1050 4125; x_wconf 85' lang='lat' dir='ltr'><strong><em>rite</em></strong></span> <span class='ocrx_word' id='word_1_639' title='bbox 1071 4067 1110 4123; x_wconf 88' lang='lat' dir='ltr'><strong><em>illl</em></strong></span> <span class='ocrx_word' id='word_1_640' title='bbox 1125 4083 1201 4123; x_wconf 87' lang='lat' dir='ltr'><strong><em>suam</em></strong></span> <span class='ocrx_word' id='word_1_641' title='bbox 1226 4066 1403 4137; x_wconf 69' lang='lat' dir='ltr'><strong><em>fortitudinem</em></strong></span> <span class='ocrx_word' id='word_1_642' title='bbox 1429 4066 1584 4135; x_wconf 84' lang='lat' dir='ltr'><strong><em>pronuntiet</em></strong></span> <span class='ocrx_word' id='word_1_643' title='bbox 1603 4063 1792 4134; x_wconf 78' lang='lat' dir='ltr'><strong><em>deputandam,</em></strong></span> 
     </span>
     <span class='ocr_line' id='line_1_72' title="bbox 998 4159 1579 4232; baseline -0.012 -15"><span class='ocrx_word' id='word_1_644' title='bbox 998 4176 1077 4232; x_wconf 89' lang='lat' dir='ltr'><strong><em>quem</em></strong></span> <span class='ocrx_word' id='word_1_645' title='bbox 1092 4171 1263 4226; x_wconf 79' lang='lat' dir='ltr'><strong><em>susceptorem</em></strong></span> <span class='ocrx_word' id='word_1_646' title='bbox 1273 4174 1350 4213; x_wconf 83' lang='lat' dir='ltr'><strong><em>surim</em></strong></span> <span class='ocrx_word' id='word_1_647' title='bbox 1367 4174 1429 4214; x_wconf 85' lang='lat' dir='ltr'><strong><em>csse</em></strong></span> <span class='ocrx_word' id='word_1_648' title='bbox 1441 4159 1579 4215; x_wconf 67' lang='lat' dir='ltr'><strong><em>atterebat.</em></strong></span> 
     </span>
    </p>

    <p class='ocr_par' dir='ltr' id='par_1_14' title="bbox 999 4250 1795 4596">
     <span class='ocr_line' id='line_1_73' title="bbox 1037 4250 1794 4320; baseline -0.004 -14"><span class='ocrx_word' id='word_1_649' title='bbox 1037 4250 1110 4306; x_wconf 79' lang='lat' dir='ltr'><strong><em>Vers.</em></strong></span> <span class='ocrx_word' id='word_1_650' title='bbox 1136 4251 1179 4305; x_wconf 90' lang='grc'><strong><em>11.</em></strong></span> <span class='ocrx_word' id='word_1_651' title='bbox 1200 4250 1268 4304; x_wconf 80' lang='lat' dir='ltr'><strong><em>Detur</em></strong></span> <span class='ocrx_word' id='word_1_652' title='bbox 1288 4267 1369 4313; x_wconf 81' lang='lat' dir='ltr'><strong><em>tuerer,</em></strong></span> <span class='ocrx_word' id='word_1_653' title='bbox 1393 4251 1568 4305; x_wconf 76' lang='lat' dir='ltr'><strong><em>misericordie</em></strong></span> <span class='ocrx_word' id='word_1_654' title='bbox 1588 4250 1642 4320; x_wconf 77' lang='lat' dir='ltr'><strong><em>ejus</em></strong></span> <span class='ocrx_word' id='word_1_655' title='bbox 1658 4250 1794 4319; x_wconf 86' lang='lat' dir='ltr'><strong><em>proeeuict</em></strong></span> 
     </span>
     <span class='ocr_line' id='line_1_74' title="bbox 999 4338 1794 4408; baseline -0.003 -14"><span class='ocrx_word' id='word_1_656' title='bbox 999 4356 1039 4395; x_wconf 83' lang='lat' dir='ltr'><strong><em>nte</em></strong></span> <span class='ocrx_word' id='word_1_657' title='bbox 1053 4338 1143 4396; x_wconf 82' lang='lat' dir='ltr'><strong><em>:Deus</em></strong></span> <span class='ocrx_word' id='word_1_658' title='bbox 1155 4357 1235 4408; x_wconf 79' lang='lat' dir='ltr'><strong><em>incur,</em></strong></span> <span class='ocrx_word' id='word_1_659' title='bbox 1250 4341 1353 4396; x_wconf 82' lang='lat' dir='ltr'><strong><em>erterrde</em></strong></span> <span class='ocrx_word' id='word_1_660' title='bbox 1363 4343 1426 4394; x_wconf 88' lang='lat' dir='ltr'><strong><em>milri</em></strong></span> <span class='ocrx_word' id='word_1_661' title='bbox 1441 4342 1506 4395; x_wconf 86' lang='lat' dir='ltr'><strong><em>iuter</em></strong></span> <span class='ocrx_word' id='word_1_662' title='bbox 1519 4341 1636 4395; x_wconf 79' lang='lat' dir='ltr'><strong><em>mimicos</em></strong></span> <span class='ocrx_word' id='word_1_663' title='bbox 1648 4357 1725 4394; x_wconf 71' lang='lat' dir='ltr'><strong><em>meror.</em></strong></span> <span class='ocrx_word' id='word_1_664' title='bbox 1742 4339 1794 4393; x_wconf 67' lang='lat' dir='ltr'><strong><em>ttr-</em></strong></span> 
     </span>
     <span class='ocr_line' id='line_1_75' title="bbox 1000 4431 1795 4504; baseline -0.005 -16"><span class='ocrx_word' id='word_1_665' title='bbox 1000 4433 1074 4503; x_wconf 91' lang='lat' dir='ltr'><strong><em>peuit</em></strong></span> <span class='ocrx_word' id='word_1_666' title='bbox 1088 4432 1159 4502; x_wconf 90' lang='lat' dir='ltr'><strong><em>qued</em></strong></span> <span class='ocrx_word' id='word_1_667' title='bbox 1179 4435 1304 4504; x_wconf 73' lang='lat' dir='ltr'><strong><em>seperius</em></strong></span> <span class='ocrx_word' id='word_1_668' title='bbox 1329 4434 1416 4488; x_wconf 83' lang='lat' dir='ltr'><strong><em>dixit:</em></strong></span> <span class='ocrx_word' id='word_1_669' title='bbox 1441 4431 1635 4487; x_wconf 83' lang='lat' dir='ltr'><strong><em>Fortitudinem</em></strong></span> <span class='ocrx_word' id='word_1_670' title='bbox 1658 4448 1740 4485; x_wconf 80' lang='lat' dir='ltr'><strong><em>utrum</em></strong></span> <span class='ocrx_word' id='word_1_671' title='bbox 1761 4433 1795 4487; x_wconf 89' lang='lat' dir='ltr'><strong><em>od</em></strong></span> 
     </span>
     <span class='ocr_line' id='line_1_76' title="bbox 1000 4524 1795 4596; baseline 0.001 -18"><span class='ocrx_word' id='word_1_672' title='bbox 1000 4533 1025 4578; x_wconf 89' lang='lat' dir='ltr'><strong><em>te</em></strong></span> <span class='ocrx_word' id='word_1_673' title='bbox 1041 4527 1193 4580; x_wconf 79' lang='lat' dir='ltr'><strong><em>custodium.</em></strong></span> <span class='ocrx_word' id='word_1_674' title='bbox 1207 4526 1275 4580; x_wconf 81' lang='lat' dir='ltr'><strong><em>utne</em></strong></span> <span class='ocrx_word' id='word_1_675' title='bbox 1290 4525 1361 4580; x_wconf 80' lang='lat' dir='ltr'><strong><em>enirn</em></strong></span> <span class='ocrx_word' id='word_1_676' title='bbox 1383 4525 1407 4580; x_wconf 91' lang='lat' dir='ltr'><strong><em>ci</em></strong></span> <span class='ocrx_word' id='word_1_677' title='bbox 1427 4524 1536 4596; x_wconf 78' lang='lat' dir='ltr'><strong><em>dignum</em></strong></span> <span class='ocrx_word' id='word_1_678' title='bbox 1562 4525 1658 4580; x_wconf 88' lang='lat' dir='ltr'><strong><em>obtulit</em></strong></span> <span class='ocrx_word' id='word_1_679' title='bbox 1680 4525 1795 4579; x_wconf 87' lang='lat' dir='ltr'><strong><em>lrumaua</em></strong></span> 
     </span>
    </p>
   </div>
   <div class='ocr_carea' id='block_1_13' title="bbox 124 4610 1794 4687">
    <p class='ocr_par' dir='ltr' id='par_1_15' title="bbox 124 4610 1794 4687">
     <span class='ocr_line' id='line_1_77' title="bbox 124 4610 1794 4687; baseline -0.001 -17"><span class='ocrx_word' id='word_1_680' title='bbox 124 4610 260 4680; x_wconf 59' lang='lat' dir='ltr'><strong><em>biens,</em></strong></span> <span class='ocrx_word' id='word_1_681' title='bbox 278 4624 307 4670; x_wconf 87' lang='lat' dir='ltr'><strong><em>et</em></strong></span> <span class='ocrx_word' id='word_1_682' title='bbox 325 4616 359 4670; x_wconf 85' lang='lat' dir='ltr'><strong><em>ad</em></strong></span> <span class='ocrx_word' id='word_1_683' title='bbox 372 4617 513 4674; x_wconf 87' lang='lat' dir='ltr'><strong><em>sanitatem</em></strong></span> <span class='ocrx_word' id='word_1_684' title='bbox 528 4619 619 4674; x_wconf 75' lang='lat' dir='ltr'><strong><em>tollens</em></strong></span> <span class='ocrx_word' id='word_1_685' title='bbox 634 4621 738 4673; x_wconf 88' lang='lat' dir='ltr'><strong><em>animas</em></strong></span> <span class='ocrx_word' id='word_1_686' title='bbox 759 4637 805 4674; x_wconf 83' lang='lat' dir='ltr'><strong><em>sna</em></strong></span> <span class='ocrx_word' id='word_1_687' title='bbox 824 4621 949 4676; x_wconf 75' lang='lat' dir='ltr'><strong><em>nrrluera-</em></strong></span> <span class='ocrx_word' id='word_1_688' title='bbox 962 4619 989 4680; x_wconf 84' lang='lat' dir='ltr'>D</span> <span class='ocrx_word' id='word_1_689' title='bbox 1000 4617 1129 4684; x_wconf 90' lang='lat' dir='ltr'><strong><em>conditio,</em></strong></span> <span class='ocrx_word' id='word_1_690' title='bbox 1139 4628 1167 4671; x_wconf 92' lang='lat' dir='ltr'><strong><em>et</em></strong></span> <span class='ocrx_word' id='word_1_691' title='bbox 1178 4628 1327 4672; x_wconf 85' lang='lat' dir='ltr'><strong><em>nrurcrctur</em></strong></span> <span class='ocrx_word' id='word_1_692' title='bbox 1343 4618 1528 4687; x_wconf 84' lang='lat' dir='ltr'><strong><em>mnucriscjus</em></strong></span> <span class='ocrx_word' id='word_1_693' title='bbox 1538 4616 1659 4687; x_wconf 76' lang='lat' dir='ltr'><strong><em>largitate</em></strong></span> <span class='ocrx_word' id='word_1_694' title='bbox 1669 4616 1794 4686; x_wconf 76' lang='lat' dir='ltr'><strong><em>paudere.</em></strong></span> 
     </span>
    </p>
   </div>
   <div class='ocr_carea' id='block_1_14' title="bbox 120 4702 950 5874">
    <p class='ocr_par' dir='ltr' id='par_1_16' title="bbox 120 4702 950 5874">
     <span class='ocr_line' id='line_1_78' title="bbox 120 4702 950 4785; baseline 0.014 -30"><span class='ocrx_word' id='word_1_695' title='bbox 120 4702 224 4763; x_wconf 68' lang='lat' dir='ltr'><strong><em>lione</em></strong></span> <span class='ocrx_word' id='word_1_696' title='bbox 243 4704 406 4776; x_wconf 81' lang='lat' dir='ltr'><strong><em>perducem,</em></strong></span> <span class='ocrx_word' id='word_1_697' title='bbox 422 4708 456 4764; x_wconf 88' lang='lat' dir='ltr'><strong><em>de</em></strong></span> <span class='ocrx_word' id='word_1_698' title='bbox 479 4725 532 4777; x_wconf 90' lang='lat' dir='ltr'><strong><em>qun</em></strong></span> <span class='ocrx_word' id='word_1_699' title='bbox 546 4711 584 4763; x_wconf 90' lang='lat' dir='ltr'><strong><em>alt</em></strong></span> <span class='ocrx_word' id='word_1_700' title='bbox 599 4712 764 4776; x_wconf 69' lang='lat' dir='ltr'><strong><em>apiostolus:</em></strong></span> <span class='ocrx_word' id='word_1_701' title='bbox 782 4711 814 4765; x_wconf 78' lang='lat' dir='ltr'><strong><em>Et</em></strong></span> <span class='ocrx_word' id='word_1_702' title='bbox 835 4712 950 4785; x_wconf 81' lang='lat' dir='ltr'><strong><em>ptedinm</em></strong></span> 
     </span>
     <span class='ocr_line' id='line_1_79' title="bbox 122 4796 950 4873; baseline 0.011 -24"><span class='ocrx_word' id='word_1_703' title='bbox 122 4796 270 4868; x_wconf 67' lang='lat' dir='ltr'><strong><em>Opiritur,</em></strong></span> <span class='ocrx_word' id='word_1_704' title='bbox 283 4799 355 4869; x_wconf 88' lang='lat' dir='ltr'><strong><em>qued</em></strong></span> <span class='ocrx_word' id='word_1_705' title='bbox 369 4808 405 4852; x_wconf 85' lang='lat' dir='ltr'><strong><em>ert</em></strong></span> <span class='ocrx_word' id='word_1_706' title='bbox 428 4800 529 4854; x_wconf 73' lang='lat' dir='ltr'><strong><em>omium</em></strong></span> <span class='ocrx_word' id='word_1_707' title='bbox 545 4800 591 4854; x_wconf 86' lang='lat' dir='ltr'><strong><em>bei</em></strong></span> <span class='ocrx_word' id='word_1_708' title='bbox 607 4799 716 4870; x_wconf 81' lang='lat' dir='ltr'><strong><em>(prer.</em></strong></span> <span class='ocrx_word' id='word_1_709' title='bbox 731 4817 773 4868; x_wconf 87' lang='lat' dir='ltr'><strong><em>rt,</em></strong></span> <span class='ocrx_word' id='word_1_710' title='bbox 793 4804 849 4873; x_wconf 84' lang='lat' dir='ltr'><strong><em>ll).</em></strong></span> <span class='ocrx_word' id='word_1_711' title='bbox 866 4802 950 4858; x_wconf 78' lang='lat' dir='ltr'><strong><em>Addi-</em></strong></span> 
     </span>
     <span class='ocr_line' id='line_1_80' title="bbox 125 4882 945 4963; baseline 0.011 -23"><span class='ocrx_word' id='word_1_712' title='bbox 125 4882 203 4954; x_wconf 69' lang='lat' dir='ltr'><strong><em>dtr,</em></strong></span> <span class='ocrx_word' id='word_1_713' title='bbox 218 4888 341 4958; x_wconf 73' lang='lat' dir='ltr'><strong><em>quartiano</em></strong></span> <span class='ocrx_word' id='word_1_714' title='bbox 350 4890 407 4961; x_wconf 81' lang='lat' dir='ltr'><strong><em>quie</em></strong></span> <span class='ocrx_word' id='word_1_715' title='bbox 421 4891 539 4946; x_wconf 82' lang='lat' dir='ltr'><strong><em>audiuit?</em></strong></span> <span class='ocrx_word' id='word_1_716' title='bbox 550 4893 621 4947; x_wconf 75' lang='lat' dir='ltr'><strong><em>licuc</em></strong></span> <span class='ocrx_word' id='word_1_717' title='bbox 637 4893 764 4963; x_wconf 73' lang='lat' dir='ltr'><strong><em>premisit</em></strong></span> <span class='ocrx_word' id='word_1_718' title='bbox 777 4896 804 4948; x_wconf 93' lang='lat' dir='ltr'><strong><em>irt</em></strong></span> <span class='ocrx_word' id='word_1_719' title='bbox 819 4893 893 4949; x_wconf 83' lang='lat' dir='ltr'><strong><em>iubiir</em></strong></span> <span class='ocrx_word' id='word_1_720' title='bbox 905 4911 945 4950; x_wconf 89' lang='lat' dir='ltr'><strong><em>eo·</em></strong></span> 
     </span>
     <span class='ocr_line' id='line_1_81' title="bbox 127 4980 946 5054; baseline 0.01 -21"><span class='ocrx_word' id='word_1_721' title='bbox 127 4985 281 5036; x_wconf 61' lang='lat' dir='ltr'><strong><em>&#39;nesse</em></strong></span> <span class='ocrx_word' id='word_1_722' title='bbox 296 4980 422 5051; x_wconf 74' lang='lat' dir='ltr'><strong><em>plebium,</em></strong></span> <span class='ocrx_word' id='word_1_723' title='bbox 438 4982 517 5037; x_wconf 90' lang='lat' dir='ltr'><strong><em>idest</em></strong></span> <span class='ocrx_word' id='word_1_724' title='bbox 533 4985 560 5036; x_wconf 93' lang='lat' dir='ltr'><strong><em>in</em></strong></span> <span class='ocrx_word' id='word_1_725' title='bbox 575 4999 622 5038; x_wconf 91' lang='lat' dir='ltr'><strong><em>ere</em></strong></span> <span class='ocrx_word' id='word_1_726' title='bbox 646 4984 762 5054; x_wconf 88' lang='lat' dir='ltr'><strong><em>ipserum</em></strong></span> <span class='ocrx_word' id='word_1_727' title='bbox 778 4987 946 5054; x_wconf 84' lang='lat' dir='ltr'><strong><em>prmticatie·</em></strong></span> 
     </span>
     <span class='ocr_line' id='line_1_82' title="bbox 134 5068 947 5146; baseline 0.009 -22"><span class='ocrx_word' id='word_1_728' title='bbox 134 5068 463 5141; x_wconf 63' lang='lat' dir='ltr'><strong><em>uertnqamtoumas,</em></strong></span> <span class='ocrx_word' id='word_1_729' title='bbox 479 5073 604 5142; x_wconf 88' lang='lat' dir='ltr'><strong><em>quoniam</em></strong></span> <span class='ocrx_word' id='word_1_730' title='bbox 629 5089 704 5129; x_wconf 89' lang='lat' dir='ltr'><strong><em>rarus</em></strong></span> <span class='ocrx_word' id='word_1_731' title='bbox 719 5075 827 5146; x_wconf 76' lang='lat' dir='ltr'><strong><em>gentilis</em></strong></span> <span class='ocrx_word' id='word_1_732' title='bbox 842 5076 947 5131; x_wconf 87' lang='lat' dir='ltr'><strong><em>auditu·</em></strong></span> 
     </span>
     <span class='ocr_line' id='line_1_83' title="bbox 138 5161 948 5236; baseline 0.007 -22"><span class='ocrx_word' id='word_1_733' title='bbox 138 5164 265 5226; x_wconf 72' lang='grc' dir='ltr'>Ιιιιαι,</span> <span class='ocrx_word' id='word_1_734' title='bbox 280 5175 343 5216; x_wconf 87' lang='lat' dir='ltr'><strong><em>cem</em></strong></span> <span class='ocrx_word' id='word_1_735' title='bbox 364 5161 391 5216; x_wconf 90' lang='lat' dir='ltr'><strong><em>in</em></strong></span> <span class='ocrx_word' id='word_1_736' title='bbox 413 5166 544 5218; x_wconf 75' lang='lat' dir='ltr'><strong><em>sceleritta</em></strong></span> <span class='ocrx_word' id='word_1_737' title='bbox 568 5164 725 5219; x_wconf 78' lang='lat' dir='ltr'><strong><em>Antichristr</em></strong></span> <span class='ocrx_word' id='word_1_738' title='bbox 746 5166 874 5236; x_wconf 79' lang='lat' dir='ltr'><strong><em>religione</em></strong></span> <span class='ocrx_word' id='word_1_739' title='bbox 889 5183 948 5236; x_wconf 88' lang='lat' dir='ltr'><strong><em>per·</em></strong></span> 
     </span>
     <span class='ocr_line' id='line_1_84' title="bbox 147 5253 946 5327; baseline 0.004 -18"><span class='ocrx_word' id='word_1_740' title='bbox 147 5253 311 5309; x_wconf 62' lang='lat' dir='ltr'><strong><em>metor.</em></strong></span> <span class='ocrx_word' id='word_1_741' title='bbox 329 5253 392 5320; x_wconf 84' lang='lat' dir='ltr'><strong><em>Qnir</em></strong></span> <span class='ocrx_word' id='word_1_742' title='bbox 416 5256 498 5320; x_wconf 74' lang='lat' dir='ltr'><strong><em>enirn,</em></strong></span> <span class='ocrx_word' id='word_1_743' title='bbox 526 5270 588 5309; x_wconf 90' lang='lat' dir='ltr'><strong><em>curn</em></strong></span> <span class='ocrx_word' id='word_1_744' title='bbox 614 5257 732 5325; x_wconf 89' lang='lat' dir='ltr'><strong><em>pendere</em></strong></span> <span class='ocrx_word' id='word_1_745' title='bbox 756 5258 946 5327; x_wconf 84' lang='lat' dir='ltr'><strong><em>proterendum</em></strong></span> 
     </span>
     <span class='ocr_line' id='line_1_85' title="bbox 147 5344 947 5416; baseline 0.004 -19"><span class='ocrx_word' id='word_1_746' title='bbox 147 5344 294 5413; x_wconf 57' lang='lat' dir='ltr'><strong><em>tiquasi</em></strong></span> <span class='ocrx_word' id='word_1_747' title='bbox 308 5359 376 5412; x_wconf 71' lang='lat' dir='ltr'><strong><em>perte</em></strong></span> <span class='ocrx_word' id='word_1_748' title='bbox 387 5346 484 5409; x_wconf 90' lang='lat' dir='ltr'><strong><em>nullus,</em></strong></span> <span class='ocrx_word' id='word_1_749' title='bbox 500 5346 576 5416; x_wconf 85' lang='lat' dir='ltr'><strong><em>quasi</em></strong></span> <span class='ocrx_word' id='word_1_750' title='bbox 591 5348 702 5402; x_wconf 87' lang='lat' dir='ltr'><strong><em>omnine</em></strong></span> <span class='ocrx_word' id='word_1_751' title='bbox 725 5350 888 5404; x_wconf 88' lang='lat' dir='ltr'><strong><em>rarissimus.</em></strong></span> <span class='ocrx_word' id='word_1_752' title='bbox 905 5352 947 5406; x_wconf 84' lang='lat' dir='ltr'><strong><em>Si-</em></strong></span> 
     </span>
     <span class='ocr_line' id='line_1_86' title="bbox 157 5431 950 5510; baseline 0.01 -22"><span class='ocrx_word' id='word_1_753' title='bbox 157 5431 264 5500; x_wconf 65' lang='lat' dir='ltr'><strong><em>mter</em></strong></span> <span class='ocrx_word' id='word_1_754' title='bbox 287 5435 358 5491; x_wconf 81' lang='lat' dir='ltr'><strong><em>enim</em></strong></span> <span class='ocrx_word' id='word_1_755' title='bbox 389 5438 446 5491; x_wconf 77' lang='lat' dir='ltr'><strong><em>irasc</em></strong></span> <span class='ocrx_word' id='word_1_756' title='bbox 469 5438 570 5507; x_wconf 77' lang='lat' dir='ltr'><strong><em>syllaba</em></strong></span> <span class='ocrx_word' id='word_1_757' title='bbox 599 5438 755 5508; x_wconf 82' lang='lat' dir='ltr'><strong><em>ire—quenter·</em></strong></span> <span class='ocrx_word' id='word_1_758' title='bbox 779 5440 891 5510; x_wconf 89' lang='lat' dir='ltr'><strong><em>uallum,</em></strong></span> <span class='ocrx_word' id='word_1_759' title='bbox 921 5452 950 5496; x_wconf 91' lang='lat' dir='ltr'><strong><em>et</em></strong></span> 
     </span>
     <span class='ocr_line' id='line_1_87' title="bbox 159 5518 950 5604; baseline 0.016 -28"><span class='ocrx_word' id='word_1_760' title='bbox 159 5518 232 5595; x_wconf 64' lang='lat' dir='ltr'><strong><em>wod,</em></strong></span> <span class='ocrx_word' id='word_1_761' title='bbox 253 5525 319 5594; x_wconf 73' lang='lat' dir='ltr'><strong><em>Quis</em></strong></span> <span class='ocrx_word' id='word_1_762' title='bbox 345 5529 434 5582; x_wconf 80' lang='lat' dir='ltr'><strong><em>:imiiir</em></strong></span> <span class='ocrx_word' id='word_1_763' title='bbox 454 5529 498 5583; x_wconf 85' lang='lat' dir='ltr'><strong><em>tibi</em></strong></span> <span class='ocrx_word' id='word_1_764' title='bbox 519 5529 611 5602; x_wconf 82' lang='lat' dir='ltr'><strong><em>(lltclr.</em></strong></span> <span class='ocrx_word' id='word_1_765' title='bbox 637 5547 688 5596; x_wconf 86' lang='lat' dir='ltr'><strong><em>tlt,</em></strong></span> <span class='ocrx_word' id='word_1_766' title='bbox 717 5533 781 5595; x_wconf 82' lang='lat' dir='ltr'><strong><em>ltttt</em></strong></span> <span class='ocrx_word' id='word_1_767' title='bbox 807 5535 950 5604; x_wconf 81' lang='lat' dir='ltr'><strong><em>aliqnando</em></strong></span> 
     </span>
     <span class='ocr_line' id='line_1_88' title="bbox 164 5619 949 5686; baseline 0.017 -19"><span class='ocrx_word' id='word_1_768' title='bbox 164 5620 293 5686; x_wconf 48' lang='lat' dir='ltr'><strong><em>tremat</em></strong></span> <span class='ocrx_word' id='word_1_769' title='bbox 309 5619 373 5672; x_wconf 88' lang='lat' dir='ltr'><strong><em>illud</em></strong></span> <span class='ocrx_word' id='word_1_770' title='bbox 388 5634 395 5674; x_wconf 88' lang='lat'>:</span> <span class='ocrx_word' id='word_1_771' title='bbox 408 5621 471 5685; x_wconf 65' lang='lat' dir='ltr'><strong><em>ibuit</em></strong></span> <span class='ocrx_word' id='word_1_772' title='bbox 494 5620 563 5674; x_wconf 83' lang='lat' dir='ltr'><strong><em>dubit</em></strong></span> <span class='ocrx_word' id='word_1_773' title='bbox 587 5637 618 5676; x_wconf 78' lang='lat' dir='ltr'><strong><em>rx</em></strong></span> <span class='ocrx_word' id='word_1_774' title='bbox 640 5622 705 5679; x_wconf 79' lang='lat' dir='ltr'><strong><em>Sr‘ert</em></strong></span> <span class='ocrx_word' id='word_1_775' title='bbox 726 5624 842 5679; x_wconf 85' lang='lat' dir='ltr'><strong><em>rulnture</em></strong></span> <span class='ocrx_word' id='word_1_776' title='bbox 866 5626 949 5680; x_wconf 84' lang='lat' dir='ltr'><strong><em>lsrael</em></strong></span> 
     </span>
     <span class='ocr_line' id='line_1_89' title="bbox 165 5701 390 5776; baseline 0.031 -21"><span class='ocrx_word' id='word_1_777' title='bbox 165 5701 246 5771; x_wconf 77' lang='lat' dir='ltr'><strong><em>(Prot.</em></strong></span> <span class='ocrx_word' id='word_1_778' title='bbox 261 5722 325 5774; x_wconf 83' lang='lat' dir='ltr'><strong><em>xm,</em></strong></span> <span class='ocrx_word' id='word_1_779' title='bbox 340 5708 390 5776; x_wconf 70' lang='lat' dir='ltr'><strong><em>‘lli</em></strong></span> 
     </span>
     <span class='ocr_line' id='line_1_90' title="bbox 198 5795 949 5874; baseline 0.013 -23"><span class='ocrx_word' id='word_1_780' title='bbox 198 5795 273 5857; x_wconf 76' lang='lat' dir='ltr'><strong><em>lers-</em></strong></span> <span class='ocrx_word' id='word_1_781' title='bbox 289 5799 318 5857; x_wconf 78' lang='lat' dir='ltr'><strong><em>b.</em></strong></span> <span class='ocrx_word' id='word_1_782' title='bbox 339 5798 702 5874; x_wconf 61' lang='lat' dir='ltr'><strong><em>&amp;subintromittatis</em></strong></span> <span class='ocrx_word' id='word_1_783' title='bbox 720 5821 783 5869; x_wconf 86' lang='lat' dir='ltr'><strong><em>eor;</em></strong></span> <span class='ocrx_word' id='word_1_784' title='bbox 801 5819 849 5873; x_wconf 91' lang='lat' dir='ltr'><strong><em>pro</em></strong></span> <span class='ocrx_word' id='word_1_785' title='bbox 869 5805 949 5864; x_wconf 77' lang='lat' dir='ltr'><strong><em>utibile</em></strong></span> 
     </span>
    </p>
   </div>
   <div class='ocr_carea' id='block_1_15' title="bbox 1003 4704 1884 4776">
    <p class='ocr_par' dir='ltr' id='par_1_17' title="bbox 1003 4704 1884 4776">
     <span class='ocr_line' id='line_1_91' title="bbox 1003 4704 1884 4776; baseline 0 -13"><span class='ocrx_word' id='word_1_786' title='bbox 1003 4708 1100 4763; x_wconf 87' lang='lat' dir='ltr'><strong><em>0rere</em></strong></span> <span class='ocrx_word' id='word_1_787' title='bbox 1124 4709 1208 4776; x_wconf 90' lang='lat' dir='ltr'><strong><em>pictas</em></strong></span> <span class='ocrx_word' id='word_1_788' title='bbox 1227 4709 1356 4775; x_wconf 85' lang='lat' dir='ltr'><strong><em>stupenda</em></strong></span> <span class='ocrx_word' id='word_1_789' title='bbox 1376 4704 1525 4763; x_wconf 62' lang='lat' dir='ltr'><strong><em>creatoris!</em></strong></span> <span class='ocrx_word' id='word_1_790' title='bbox 1544 4709 1580 4762; x_wconf 85' lang='lat' dir='ltr'><strong><em>Dc</em></strong></span> <span class='ocrx_word' id='word_1_791' title='bbox 1594 4722 1623 4762; x_wconf 91' lang='lat' dir='ltr'><strong><em>se</em></strong></span> <span class='ocrx_word' id='word_1_792' title='bbox 1647 4724 1695 4760; x_wconf 84' lang='lat' dir='ltr'><strong><em>uns</em></strong></span> <span class='ocrx_word' id='word_1_793' title='bbox 1719 4707 1797 4763; x_wconf 84' lang='lat' dir='ltr'><strong><em>docet</em></strong></span> <span class='ocrx_word' id='word_1_794' title='bbox 1878 4726 1884 4737; x_wconf 71' lang='lat'><strong><em>¹</em></strong></span> 
     </span>
    </p>
   </div>
   <div class='ocr_carea' id='block_1_16' title="bbox 999 4797 1803 5870">
    <p class='ocr_par' dir='ltr' id='par_1_18' title="bbox 999 4797 1803 5870">
     <span class='ocr_line' id='line_1_92' title="bbox 1000 4797 1796 4868; baseline -0.003 -16"><span class='ocrx_word' id='word_1_795' title='bbox 1000 4799 1071 4867; x_wconf 91' lang='lat' dir='ltr'><strong><em>quod</em></strong></span> <span class='ocrx_word' id='word_1_796' title='bbox 1086 4797 1112 4852; x_wconf 92' lang='lat' dir='ltr'><strong><em>in</em></strong></span> <span class='ocrx_word' id='word_1_797' title='bbox 1128 4800 1204 4851; x_wconf 84' lang='lat' dir='ltr'><strong><em>notris</em></strong></span> <span class='ocrx_word' id='word_1_798' title='bbox 1218 4799 1405 4868; x_wconf 81' lang='lat' dir='ltr'><strong><em>intelligerem</em></strong></span> <span class='ocrx_word' id='word_1_799' title='bbox 1425 4799 1561 4855; x_wconf 87' lang='lat' dir='ltr'><strong><em>custudire</em></strong></span> <span class='ocrx_word' id='word_1_800' title='bbox 1575 4797 1731 4853; x_wconf 85' lang='lat' dir='ltr'><strong><em>debeamus.</em></strong></span> <span class='ocrx_word' id='word_1_801' title='bbox 1744 4798 1796 4852; x_wconf 76' lang='lat' dir='ltr'><strong><em>Sed</em></strong></span> 
     </span>
     <span class='ocr_line' id='line_1_93' title="bbox 1000 4889 1798 4960; baseline -0.001 -17"><span class='ocrx_word' id='word_1_802' title='bbox 1000 4889 1106 4943; x_wconf 77' lang='lat' dir='ltr'><strong><em>raeillis</em></strong></span> <span class='ocrx_word' id='word_1_803' title='bbox 1120 4889 1166 4958; x_wconf 91' lang='lat' dir='ltr'><strong><em>qui</em></strong></span> <span class='ocrx_word' id='word_1_804' title='bbox 1192 4889 1260 4943; x_wconf 87' lang='lat' dir='ltr'><strong><em>ltaue</em></strong></span> <span class='ocrx_word' id='word_1_805' title='bbox 1283 4890 1403 4960; x_wconf 75' lang='lat' dir='ltr'><strong><em>regulam</em></strong></span> <span class='ocrx_word' id='word_1_806' title='bbox 1424 4889 1602 4953; x_wconf 89' lang='lat' dir='ltr'><strong><em>dcclitramcs,</em></strong></span> <span class='ocrx_word' id='word_1_807' title='bbox 1626 4890 1653 4944; x_wconf 88' lang='lat' dir='ltr'><strong><em>iu</em></strong></span> <span class='ocrx_word' id='word_1_808' title='bbox 1680 4890 1798 4945; x_wconf 84' lang='lat' dir='ltr'><strong><em>lreruinis</em></strong></span> 
     </span>
     <span class='ocr_line' id='line_1_94' title="bbox 999 4979 1796 5052; baseline -0.004 -16"><span class='ocrx_word' id='word_1_809' title='bbox 999 4991 1092 5052; x_wconf 87' lang='lat' dir='ltr'><strong><em>putant</em></strong></span> <span class='ocrx_word' id='word_1_810' title='bbox 1103 4982 1213 5035; x_wconf 82' lang='lat' dir='ltr'><strong><em>arbitrio</em></strong></span> <span class='ocrx_word' id='word_1_811' title='bbox 1227 4983 1387 5047; x_wconf 86' lang='lat' dir='ltr'><strong><em>consistere,</em></strong></span> <span class='ocrx_word' id='word_1_812' title='bbox 1405 4994 1433 5037; x_wconf 94' lang='lat' dir='ltr'><strong><em>ut</em></strong></span> <span class='ocrx_word' id='word_1_813' title='bbox 1446 4994 1581 5038; x_wconf 90' lang='lat' dir='ltr'><strong><em>mereatur</em></strong></span> <span class='ocrx_word' id='word_1_814' title='bbox 1593 4981 1626 5035; x_wconf 89' lang='lat' dir='ltr'><strong><em>ad</em></strong></span> <span class='ocrx_word' id='word_1_815' title='bbox 1641 4983 1727 5050; x_wconf 89' lang='lat' dir='ltr'><strong><em>aliqua</em></strong></span> <span class='ocrx_word' id='word_1_816' title='bbox 1750 4979 1796 5034; x_wconf 81' lang='lat' dir='ltr'><strong><em>eet</em></strong></span> 
     </span>
     <span class='ocr_line' id='line_1_95' title="bbox 999 5070 1797 5144; baseline -0.011 -14"><span class='ocrx_word' id='word_1_817' title='bbox 999 5088 1110 5130; x_wconf 87' lang='lat' dir='ltr'><strong><em>tnuncra</em></strong></span> <span class='ocrx_word' id='word_1_818' title='bbox 1134 5074 1293 5141; x_wconf 74' lang='lat' dir='ltr'><strong><em>pertruire!</em></strong></span> <span class='ocrx_word' id='word_1_819' title='bbox 1313 5073 1370 5144; x_wconf 90' lang='lat' dir='ltr'><strong><em>lpse</em></strong></span> <span class='ocrx_word' id='word_1_820' title='bbox 1385 5075 1455 5128; x_wconf 91' lang='lat' dir='ltr'><strong><em>enirn</em></strong></span> <span class='ocrx_word' id='word_1_821' title='bbox 1479 5074 1571 5138; x_wconf 83' lang='lat' dir='ltr'><strong><em>derret,</em></strong></span> <span class='ocrx_word' id='word_1_822' title='bbox 1597 5081 1626 5125; x_wconf 93' lang='lat' dir='ltr'><strong><em>ut</em></strong></span> <span class='ocrx_word' id='word_1_823' title='bbox 1647 5072 1714 5125; x_wconf 90' lang='lat' dir='ltr'><strong><em>lrnua</em></strong></span> <span class='ocrx_word' id='word_1_824' title='bbox 1729 5070 1797 5125; x_wconf 88' lang='lat' dir='ltr'><strong><em>veli·</em></strong></span> 
     </span>
     <span class='ocr_line' id='line_1_96' title="bbox 1001 5162 1799 5236; baseline -0.008 -15"><span class='ocrx_word' id='word_1_825' title='bbox 1001 5182 1073 5231; x_wconf 85' lang='lat' dir='ltr'><strong><em>ruee;</em></strong></span> <span class='ocrx_word' id='word_1_826' title='bbox 1092 5165 1149 5235; x_wconf 88' lang='lat' dir='ltr'><strong><em>ipse</em></strong></span> <span class='ocrx_word' id='word_1_827' title='bbox 1165 5167 1278 5235; x_wconf 86' lang='lat' dir='ltr'><strong><em>perlicit,</em></strong></span> <span class='ocrx_word' id='word_1_828' title='bbox 1294 5177 1321 5222; x_wconf 93' lang='lat' dir='ltr'><strong><em>ut</em></strong></span> <span class='ocrx_word' id='word_1_829' title='bbox 1335 5165 1367 5220; x_wconf 88' lang='lat' dir='ltr'><strong><em>erl</em></strong></span> <span class='ocrx_word' id='word_1_830' title='bbox 1381 5164 1441 5236; x_wconf 78' lang='lat' dir='ltr'><strong><em>ejus</em></strong></span> <span class='ocrx_word' id='word_1_831' title='bbox 1455 5165 1564 5234; x_wconf 84' lang='lat' dir='ltr'><strong><em>pra-mia</em></strong></span> <span class='ocrx_word' id='word_1_832' title='bbox 1579 5162 1722 5234; x_wconf 81' lang='lat' dir='ltr'><strong><em>peruenire</em></strong></span> <span class='ocrx_word' id='word_1_833' title='bbox 1737 5177 1799 5231; x_wconf 90' lang='lat' dir='ltr'><strong><em>pes·</em></strong></span> 
     </span>
     <span class='ocr_line' id='line_1_97' title="bbox 1001 5255 1799 5329; baseline -0.01 -15"><span class='ocrx_word' id='word_1_834' title='bbox 1001 5260 1101 5322; x_wconf 86' lang='lat' dir='ltr'><strong><em>simus;</em></strong></span> <span class='ocrx_word' id='word_1_835' title='bbox 1118 5261 1188 5327; x_wconf 90' lang='lat' dir='ltr'><strong><em>qued</em></strong></span> <span class='ocrx_word' id='word_1_836' title='bbox 1203 5260 1347 5329; x_wconf 80' lang='lat' dir='ltr'><strong><em>Apostolus</em></strong></span> <span class='ocrx_word' id='word_1_837' title='bbox 1360 5258 1524 5314; x_wconf 69' lang='lat' dir='ltr'><strong><em>lucidissime</em></strong></span> <span class='ocrx_word' id='word_1_838' title='bbox 1538 5257 1687 5313; x_wconf 87' lang='lat' dir='ltr'><strong><em>declararit</em></strong></span> <span class='ocrx_word' id='word_1_839' title='bbox 1703 5272 1710 5307; x_wconf 92' lang='lat'><strong>:</strong></span> <span class='ocrx_word' id='word_1_840' title='bbox 1730 5255 1799 5321; x_wconf 84' lang='lat' dir='ltr'><strong><em>Quid</em></strong></span> 
     </span>
     <span class='ocr_line' id='line_1_98' title="bbox 1000 5347 1799 5424; baseline -0.01 -18"><span class='ocrx_word' id='word_1_841' title='bbox 1000 5362 1085 5406; x_wconf 85' lang='lat' dir='ltr'><strong><em>auteur</em></strong></span> <span class='ocrx_word' id='word_1_842' title='bbox 1107 5350 1185 5406; x_wconf 80' lang='lat' dir='ltr'><strong><em>ituber</em></strong></span> <span class='ocrx_word' id='word_1_843' title='bbox 1198 5354 1265 5423; x_wconf 79' lang='lat' dir='ltr'><strong><em>queri</em></strong></span> <span class='ocrx_word' id='word_1_844' title='bbox 1286 5370 1336 5407; x_wconf 88' lang='lat' dir='ltr'><strong><em>nott</em></strong></span> <span class='ocrx_word' id='word_1_845' title='bbox 1349 5352 1487 5424; x_wconf 80' lang='lat' dir='ltr'><strong><em>occepisti?</em></strong></span> <span class='ocrx_word' id='word_1_846' title='bbox 1508 5350 1538 5406; x_wconf 90' lang='lat' dir='ltr'><strong><em>Si</em></strong></span> <span class='ocrx_word' id='word_1_847' title='bbox 1558 5359 1642 5404; x_wconf 86' lang='lat' dir='ltr'><strong><em>eutem</em></strong></span> <span class='ocrx_word' id='word_1_848' title='bbox 1664 5347 1799 5417; x_wconf 83' lang='lat' dir='ltr'><strong><em>occepisti,</em></strong></span> 
     </span>
     <span class='ocr_line' id='line_1_99' title="bbox 1001 5438 1802 5515; baseline -0.011 -17"><span class='ocrx_word' id='word_1_849' title='bbox 1001 5447 1062 5514; x_wconf 84' lang='lat' dir='ltr'><strong><em>quid</em></strong></span> <span class='ocrx_word' id='word_1_850' title='bbox 1073 5443 1202 5514; x_wconf 83' lang='lat' dir='ltr'><strong><em>pioriurir,</em></strong></span> <span class='ocrx_word' id='word_1_851' title='bbox 1220 5446 1294 5515; x_wconf 80' lang='lat' dir='ltr'><strong><em>queri</em></strong></span> <span class='ocrx_word' id='word_1_852' title='bbox 1305 5462 1355 5498; x_wconf 82' lang='lat' dir='ltr'><strong><em>tren</em></strong></span> <span class='ocrx_word' id='word_1_853' title='bbox 1366 5440 1526 5514; x_wconf 85' lang='lat' dir='ltr'><strong><em>occeperis(1</em></strong></span> <span class='ocrx_word' id='word_1_854' title='bbox 1539 5439 1599 5496; x_wconf 85' lang='lat' dir='ltr'><strong><em>Cor.</em></strong></span> <span class='ocrx_word' id='word_1_855' title='bbox 1614 5456 1650 5506; x_wconf 84' lang='lat' dir='ltr'><strong><em>tr,</em></strong></span> <span class='ocrx_word' id='word_1_856' title='bbox 1664 5438 1712 5508; x_wconf 73' lang='lat' dir='ltr'><strong><em>iti</em></strong></span> <span class='ocrx_word' id='word_1_857' title='bbox 1727 5439 1802 5495; x_wconf 78' lang='lat' dir='ltr'><strong><em>Desi-</em></strong></span> 
     </span>
     <span class='ocr_line' id='line_1_100' title="bbox 1003 5530 1802 5606; baseline -0.008 -17"><span class='ocrx_word' id='word_1_858' title='bbox 1003 5544 1049 5589; x_wconf 92' lang='lat' dir='ltr'><strong><em>nat</em></strong></span> <span class='ocrx_word' id='word_1_859' title='bbox 1067 5550 1132 5605; x_wconf 80' lang='lat' dir='ltr'><strong><em>erpo</em></strong></span> <span class='ocrx_word' id='word_1_860' title='bbox 1155 5535 1298 5606; x_wconf 77' lang='lat' dir='ltr'><strong><em>Pelagiana</em></strong></span> <span class='ocrx_word' id='word_1_861' title='bbox 1314 5535 1424 5591; x_wconf 76' lang='lat' dir='ltr'><strong><em>lteresis</em></strong></span> <span class='ocrx_word' id='word_1_862' title='bbox 1444 5532 1577 5588; x_wconf 84' lang='lat' dir='ltr'><strong><em>rediriras</em></strong></span> <span class='ocrx_word' id='word_1_863' title='bbox 1597 5530 1727 5586; x_wconf 87' lang='lat' dir='ltr'><strong><em>suscitare</em></strong></span> <span class='ocrx_word' id='word_1_864' title='bbox 1757 5543 1802 5583; x_wconf 86' lang='lat' dir='ltr'><strong><em>ca·</em></strong></span> 
     </span>
     <span class='ocr_line' id='line_1_101' title="bbox 1003 5620 1801 5691; baseline -0.003 -13"><span class='ocrx_word' id='word_1_865' title='bbox 1003 5627 1126 5680; x_wconf 87' lang='lat' dir='ltr'><strong><em>lemnias.</em></strong></span> <span class='ocrx_word' id='word_1_866' title='bbox 1148 5624 1220 5679; x_wconf 80' lang='lat' dir='ltr'><strong><em>ltitrlt</em></strong></span> <span class='ocrx_word' id='word_1_867' title='bbox 1237 5626 1298 5680; x_wconf 88' lang='lat' dir='ltr'><strong><em>beni</em></strong></span> <span class='ocrx_word' id='word_1_868' title='bbox 1313 5642 1348 5680; x_wconf 84' lang='lat' dir='ltr'><strong><em>cx</em></strong></span> <span class='ocrx_word' id='word_1_869' title='bbox 1373 5621 1572 5691; x_wconf 84' lang='lat' dir='ltr'><strong><em>uobismetipsis</em></strong></span> <span class='ocrx_word' id='word_1_870' title='bbox 1588 5620 1687 5677; x_wconf 80' lang='lat' dir='ltr'><strong><em>latere</em></strong></span> <span class='ocrx_word' id='word_1_871' title='bbox 1700 5633 1801 5688; x_wconf 79' lang='lat' dir='ltr'><strong><em>potsu-</em></strong></span> 
     </span>
     <span class='ocr_line' id='line_1_102' title="bbox 1003 5712 1796 5786; baseline 0.005 -17"><span class='ocrx_word' id='word_1_872' title='bbox 1003 5733 1071 5782; x_wconf 85' lang='lat' dir='ltr'><strong><em>tuns,</em></strong></span> <span class='ocrx_word' id='word_1_873' title='bbox 1088 5717 1138 5770; x_wconf 79' lang='lat' dir='ltr'><strong><em>ruisi</em></strong></span> <span class='ocrx_word' id='word_1_874' title='bbox 1165 5717 1215 5769; x_wconf 86' lang='lat' dir='ltr'><strong><em>boc</em></strong></span> <span class='ocrx_word' id='word_1_875' title='bbox 1238 5733 1252 5768; x_wconf 86' lang='lat' dir='ltr'><strong><em>a</em></strong></span> <span class='ocrx_word' id='word_1_876' title='bbox 1281 5716 1393 5770; x_wconf 83' lang='lat' dir='ltr'><strong><em>iboruirre</em></strong></span> <span class='ocrx_word' id='word_1_877' title='bbox 1420 5717 1626 5781; x_wconf 79' lang='lat' dir='ltr'><strong><em>suttlpsetitntts.</em></strong></span> <span class='ocrx_word' id='word_1_878' title='bbox 1656 5712 1796 5786; x_wconf 79' lang='lat' dir='ltr'><strong><em>Sequitur,</em></strong></span> 
     </span>
     <span class='ocr_line' id='line_1_103' title="bbox 1004 5803 1803 5870; baseline 0.006 -8"><span class='ocrx_word' id='word_1_879' title='bbox 1004 5807 1071 5864; x_wconf 85' lang='lat' dir='ltr'><strong><em>bour</em></strong></span> <span class='ocrx_word' id='word_1_880' title='bbox 1091 5808 1291 5870; x_wconf 64' lang='lat' dir='ltr'><strong><em>trecentenario</em></strong></span> <span class='ocrx_word' id='word_1_881' title='bbox 1305 5807 1369 5864; x_wconf 90' lang='lat' dir='ltr'><strong><em>utilri</em></strong></span> <span class='ocrx_word' id='word_1_882' title='bbox 1388 5807 1455 5861; x_wconf 88' lang='lat' dir='ltr'><strong><em>inter</em></strong></span> <span class='ocrx_word' id='word_1_883' title='bbox 1466 5803 1584 5867; x_wconf 80' lang='lat' dir='ltr'><strong><em>interires</em></strong></span> <span class='ocrx_word' id='word_1_884' title='bbox 1599 5823 1678 5865; x_wconf 81' lang='lat' dir='ltr'><strong><em>rtteer.</em></strong></span> <span class='ocrx_word' id='word_1_885' title='bbox 1698 5805 1803 5866; x_wconf 80' lang='lat' dir='ltr'><strong><em>Secun-</em></strong></span> 
     </span>
    </p>
   </div>
   <div class='ocr_carea' id='block_1_17' title="bbox 0 0 1917 6128">
    <p class='ocr_par' dir='ltr' id='par_1_19' title="bbox 0 0 1917 6128">
     <span class='ocr_line' id='line_1_104' title="bbox 0 0 1917 6128; baseline 0 0"><span class='ocrx_word' id='word_1_886' title='bbox 0 0 1917 6128; x_wconf 95' lang='lat' dir='ltr'><strong><em> </em></strong></span> 
     </span>
    </p>
   </div>
  </div>
 </body>
</html>
