<?xml version="1.0" encoding="UTF-8"?>
<!DOCTYPE html PUBLIC "-//W3C//DTD XHTML 1.0 Transitional//EN"
    "http://www.w3.org/TR/xhtml1/DTD/xhtml1-transitional.dtd">
<html xmlns="http://www.w3.org/1999/xhtml" xml:lang="en" lang="en">
 <head>
  <title>
</title>
<meta http-equiv="Content-Type" content="text/html;charset=utf-8" />
  <meta name='ocr-system' content='tesseract 3.04.00' />
  <meta name='ocr-capabilities' content='ocr_page ocr_carea ocr_par ocr_line ocrx_word'/>
</head>
<body>
  <div class='ocr_page' id='page_1' title='image "./patrologiaecurs27goog_0415.png"; bbox 0 0 3802 6120; ppageno 0'>
   <div class='ocr_carea' id='block_1_1' title="bbox 125 285 174 341">
    <p class='ocr_par' dir='ltr' id='par_1_1' title="bbox 125 285 174 341">
     <span class='ocr_line' id='line_1_1' title="bbox 125 285 174 341; baseline 0.061 -3"><span class='ocrx_word' id='word_1_1' title='bbox 125 285 174 341; x_wconf 60' lang='lat' dir='ltr'><strong>illl</strong></span> 
     </span>
    </p>
   </div>
   <div class='ocr_carea' id='block_1_2' title="bbox 124 479 919 1469">
    <p class='ocr_par' dir='ltr' id='par_1_2' title="bbox 124 479 919 1469">
     <span class='ocr_line' id='line_1_2' title="bbox 126 479 915 560; baseline -0.015 -16"><span class='ocrx_word' id='word_1_2' title='bbox 126 488 230 560; x_wconf 86' lang='lat' dir='ltr'><strong>sapitis,</strong></span> <span class='ocrx_word' id='word_1_3' title='bbox 246 489 291 558; x_wconf 87' lang='lat' dir='ltr'><strong>qui</strong></span> <span class='ocrx_word' id='word_1_4' title='bbox 306 500 390 557; x_wconf 86' lang='lat' dir='ltr'><strong>usque</strong></span> <span class='ocrx_word' id='word_1_5' title='bbox 413 483 446 539; x_wconf 91' lang='lat' dir='ltr'><strong>ad</strong></span> <span class='ocrx_word' id='word_1_6' title='bbox 467 483 585 539; x_wconf 74' lang='lat' dir='ltr'><strong>coelestia</strong></span> <span class='ocrx_word' id='word_1_7' title='bbox 611 481 789 550; x_wconf 82' lang='lat' dir='ltr'><strong>pervertistis?</strong></span> <span class='ocrx_word' id='word_1_8' title='bbox 808 479 856 536; x_wconf 78' lang='lat' dir='ltr'><strong>Ubi</strong></span> <span class='ocrx_word' id='word_1_9' title='bbox 875 488 915 533; x_wconf 87' lang='lat' dir='ltr'><strong>est</strong></span> 
     </span>
     <span class='ocr_line' id='line_1_3' title="bbox 126 571 917 649; baseline -0.015 -13"><span class='ocrx_word' id='word_1_10' title='bbox 126 595 190 649; x_wconf 89' lang='lat' dir='ltr'><strong>ergo</strong></span> <span class='ocrx_word' id='word_1_11' title='bbox 202 581 245 634; x_wconf 90' lang='lat' dir='ltr'><strong>illa</strong></span> <span class='ocrx_word' id='word_1_12' title='bbox 260 586 353 633; x_wconf 92' lang='lat' dir='ltr'><strong>natura</strong></span> <span class='ocrx_word' id='word_1_13' title='bbox 368 592 428 633; x_wconf 90' lang='lat' dir='ltr'><strong>cum</strong></span> <span class='ocrx_word' id='word_1_14' title='bbox 441 590 491 648; x_wconf 83' lang='lat' dir='ltr'><strong>qua</strong></span> <span class='ocrx_word' id='word_1_15' title='bbox 504 575 632 629; x_wconf 75' lang='lat' dir='ltr'>Dominus</span> <span class='ocrx_word' id='word_1_16' title='bbox 644 572 764 628; x_wconf 87' lang='lat' dir='ltr'><strong>aseendit</strong></span> <span class='ocrx_word' id='word_1_17' title='bbox 778 573 803 627; x_wconf 92' lang='lat' dir='ltr'><strong>in</strong></span> <span class='ocrx_word' id='word_1_18' title='bbox 815 571 865 627; x_wconf 83' lang='lat' dir='ltr'><strong>coel</strong></span> <span class='ocrx_word' id='word_1_19' title='bbox 877 571 917 626; x_wconf 68' lang='lat' dir='ltr'><strong>tsi</strong></span> 
     </span>
     <span class='ocr_line' id='line_1_4' title="bbox 125 662 917 740; baseline -0.013 -14"><span class='ocrx_word' id='word_1_20' title='bbox 125 672 210 726; x_wconf 88' lang='lat' dir='ltr'><strong>llorte</strong></span> <span class='ocrx_word' id='word_1_21' title='bbox 223 670 278 740; x_wconf 84' lang='lat' dir='ltr'><strong>jam</strong></span> <span class='ocrx_word' id='word_1_22' title='bbox 293 669 379 739; x_wconf 89' lang='lat' dir='ltr'><strong>perire</strong></span> <span class='ocrx_word' id='word_1_23' title='bbox 395 684 447 723; x_wconf 91' lang='lat' dir='ltr'><strong>uun</strong></span> <span class='ocrx_word' id='word_1_24' title='bbox 460 667 555 737; x_wconf 89' lang='lat' dir='ltr'><strong>potuit,</strong></span> <span class='ocrx_word' id='word_1_25' title='bbox 571 675 685 720; x_wconf 82' lang='lat' dir='ltr'><strong>testante</strong></span> <span class='ocrx_word' id='word_1_26' title='bbox 697 664 825 732; x_wconf 75' lang='lat' dir='ltr'><strong>apostata</strong></span> <span class='ocrx_word' id='word_1_27' title='bbox 840 681 847 716; x_wconf 77' lang='grc' dir='ltr'><strong>ι</strong></span> <span class='ocrx_word' id='word_1_28' title='bbox 862 662 917 716; x_wconf 89' lang='lat' dir='ltr'><strong>lloc</strong></span> 
     </span>
     <span class='ocr_line' id='line_1_5' title="bbox 124 751 916 828; baseline -0.015 -12"><span class='ocrx_word' id='word_1_29' title='bbox 124 762 232 816; x_wconf 75' lang='lat' dir='ltr'><strong>orientes</strong></span> <span class='ocrx_word' id='word_1_30' title='bbox 245 759 312 822; x_wconf 86' lang='lat' dir='ltr'><strong>ottod</strong></span> <span class='ocrx_word' id='word_1_31' title='bbox 328 757 442 813; x_wconf 82' lang='lat' dir='ltr'><strong>Christus</strong></span> <span class='ocrx_word' id='word_1_32' title='bbox 457 771 590 828; x_wconf 76' lang='lat' dir='ltr'><strong>resurgens</strong></span> <span class='ocrx_word' id='word_1_33' title='bbox 603 754 672 828; x_wconf 73' lang='lat' dir='ltr'><strong>leth,</strong></span> <span class='ocrx_word' id='word_1_34' title='bbox 688 751 803 823; x_wconf 77' lang='lat' dir='ltr'><strong>carpens]</strong></span> <span class='ocrx_word' id='word_1_35' title='bbox 818 768 833 803; x_wconf 90' lang='lat' dir='ltr'><strong>a</strong></span> <span class='ocrx_word' id='word_1_36' title='bbox 847 768 916 804; x_wconf 79' lang='lat' dir='ltr'><strong>nna·</strong></span> 
     </span>
     <span class='ocr_line' id='line_1_6' title="bbox 125 843 915 921; baseline -0.011 -16"><span class='ocrx_word' id='word_1_37' title='bbox 125 852 188 916; x_wconf 83' lang='lat' dir='ltr'><strong>tals,</strong></span> <span class='ocrx_word' id='word_1_38' title='bbox 196 852 252 921; x_wconf 77' lang='lat' dir='ltr'><strong>jam</strong></span> <span class='ocrx_word' id='word_1_39' title='bbox 265 862 316 904; x_wconf 88' lang='lat' dir='ltr'><strong>tton</strong></span> <span class='ocrx_word' id='word_1_40' title='bbox 332 849 448 913; x_wconf 83' lang='lat' dir='ltr'><strong>moritur,</strong></span> <span class='ocrx_word' id='word_1_41' title='bbox 462 864 529 900; x_wconf 88' lang='lat' dir='ltr'><strong>utors</strong></span> <span class='ocrx_word' id='word_1_42' title='bbox 545 847 568 899; x_wconf 84' lang='lat' dir='ltr'><strong>ri</strong></span> <span class='ocrx_word' id='word_1_43' title='bbox 588 848 656 899; x_wconf 87' lang='lat' dir='ltr'><strong>altra</strong></span> <span class='ocrx_word' id='word_1_44' title='bbox 669 862 719 898; x_wconf 86' lang='lat' dir='ltr'><strong>aon</strong></span> <span class='ocrx_word' id='word_1_45' title='bbox 733 843 915 897; x_wconf 76' lang='lat' dir='ltr'><strong>dominabitur.</strong></span> 
     </span>
     <span class='ocr_line' id='line_1_7' title="bbox 130 932 917 1007; baseline -0.014 -13"><span class='ocrx_word' id='word_1_46' title='bbox 130 940 205 1007; x_wconf 79' lang='lat' dir='ltr'><strong>Qeoa</strong></span> <span class='ocrx_word' id='word_1_47' title='bbox 219 941 286 993; x_wconf 86' lang='lat' dir='ltr'><strong>eninr</strong></span> <span class='ocrx_word' id='word_1_48' title='bbox 301 948 415 991; x_wconf 86' lang='lat' dir='ltr'><strong>mortuas</strong></span> <span class='ocrx_word' id='word_1_49' title='bbox 436 946 473 990; x_wconf 81' lang='lat' dir='ltr'><strong>est</strong></span> <span class='ocrx_word' id='word_1_50' title='bbox 492 946 606 1006; x_wconf 83' lang='lat' dir='ltr'><strong>peccato,</strong></span> <span class='ocrx_word' id='word_1_51' title='bbox 628 944 743 988; x_wconf 80' lang='lat' dir='ltr'><strong>narrans</strong></span> <span class='ocrx_word' id='word_1_52' title='bbox 762 943 799 989; x_wconf 83' lang='lat' dir='ltr'><strong>est</strong></span> <span class='ocrx_word' id='word_1_53' title='bbox 823 932 917 999; x_wconf 68' lang='lat' dir='ltr'><strong>sentelg</strong></span> 
     </span>
     <span class='ocr_line' id='line_1_8' title="bbox 128 1028 918 1106; baseline -0.009 -18"><span class='ocrx_word' id='word_1_54' title='bbox 128 1037 196 1106; x_wconf 81' lang='lat' dir='ltr'><strong>pand</strong></span> <span class='ocrx_word' id='word_1_55' title='bbox 215 1044 298 1087; x_wconf 83' lang='lat' dir='ltr'><strong>antem</strong></span> <span class='ocrx_word' id='word_1_56' title='bbox 313 1033 383 1096; x_wconf 87' lang='lat' dir='ltr'><strong>rioit,</strong></span> <span class='ocrx_word' id='word_1_57' title='bbox 404 1033 462 1085; x_wconf 82' lang='lat' dir='ltr'><strong>sicit</strong></span> <span class='ocrx_word' id='word_1_58' title='bbox 483 1031 534 1084; x_wconf 87' lang='lat' dir='ltr'><strong>Deo</strong></span> <span class='ocrx_word' id='word_1_59' title='bbox 557 1029 645 1101; x_wconf 81' lang='lat' dir='ltr'><strong>(liant.</strong></span> <span class='ocrx_word' id='word_1_60' title='bbox 663 1045 699 1095; x_wconf 85' lang='lat' dir='ltr'><strong>vt,</strong></span> <span class='ocrx_word' id='word_1_61' title='bbox 715 1030 742 1093; x_wconf 78' lang='grc'><strong>9,</strong></span> <span class='ocrx_word' id='word_1_62' title='bbox 760 1031 814 1096; x_wconf 77' lang='lat' dir='ltr'><strong>th).</strong></span> <span class='ocrx_word' id='word_1_63' title='bbox 831 1028 918 1094; x_wconf 81' lang='lat' dir='ltr'><strong>Quare</strong></span> 
     </span>
     <span class='ocr_line' id='line_1_9' title="bbox 128 1118 919 1191; baseline -0.009 -13"><span class='ocrx_word' id='word_1_64' title='bbox 128 1126 240 1190; x_wconf 83' lang='lat' dir='ltr'><strong>diceret,</strong></span> <span class='ocrx_word' id='word_1_65' title='bbox 254 1126 313 1177; x_wconf 86' lang='lat' dir='ltr'><strong>cinit</strong></span> <span class='ocrx_word' id='word_1_66' title='bbox 332 1122 393 1191; x_wconf 81' lang='lat' dir='ltr'><strong>Deo,</strong></span> <span class='ocrx_word' id='word_1_67' title='bbox 409 1133 434 1177; x_wconf 92' lang='lat' dir='ltr'><strong>et</strong></span> <span class='ocrx_word' id='word_1_68' title='bbox 451 1138 503 1176; x_wconf 90' lang='lat' dir='ltr'><strong>unu</strong></span> <span class='ocrx_word' id='word_1_69' title='bbox 520 1122 582 1175; x_wconf 83' lang='lat' dir='ltr'><strong>vivit</strong></span> <span class='ocrx_word' id='word_1_70' title='bbox 595 1118 675 1181; x_wconf 77' lang='lat' dir='ltr'><strong>Deus,</strong></span> <span class='ocrx_word' id='word_1_71' title='bbox 687 1119 709 1172; x_wconf 89' lang='lat' dir='ltr'><strong>sl</strong></span> <span class='ocrx_word' id='word_1_72' title='bbox 725 1135 776 1174; x_wconf 89' lang='lat' dir='ltr'><strong>una</strong></span> <span class='ocrx_word' id='word_1_73' title='bbox 794 1118 861 1173; x_wconf 80' lang='lat' dir='ltr'><strong>laeta</strong></span> <span class='ocrx_word' id='word_1_74' title='bbox 877 1126 919 1171; x_wconf 81' lang='lat' dir='ltr'><strong>est</strong></span> 
     </span>
     <span class='ocr_line' id='line_1_10' title="bbox 129 1210 918 1288; baseline -0.01 -18"><span class='ocrx_word' id='word_1_75' title='bbox 129 1227 223 1272; x_wconf 86' lang='lat' dir='ltr'><strong>natura</strong></span> <span class='ocrx_word' id='word_1_76' title='bbox 238 1233 297 1288; x_wconf 73' lang='grc' dir='ltr'>(ιιι</span> <span class='ocrx_word' id='word_1_77' title='bbox 313 1215 393 1270; x_wconf 84' lang='lat' dir='ltr'><strong>riritl</strong></span> <span class='ocrx_word' id='word_1_78' title='bbox 413 1214 465 1270; x_wconf 89' lang='lat' dir='ltr'><strong>Sed</strong></span> <span class='ocrx_word' id='word_1_79' title='bbox 479 1224 520 1268; x_wconf 88' lang='lat' dir='ltr'><strong>est</strong></span> <span class='ocrx_word' id='word_1_80' title='bbox 533 1213 614 1277; x_wconf 88' lang='lat' dir='ltr'><strong>alind,</strong></span> <span class='ocrx_word' id='word_1_81' title='bbox 636 1212 756 1267; x_wconf 79' lang='lat' dir='ltr'><strong>videlieet</strong></span> <span class='ocrx_word' id='word_1_82' title='bbox 776 1210 845 1279; x_wconf 80' lang='lat' dir='ltr'><strong>qtttnl</strong></span> <span class='ocrx_word' id='word_1_83' title='bbox 859 1213 918 1264; x_wconf 89' lang='lat' dir='ltr'><strong>oioit</strong></span> 
     </span>
     <span class='ocr_line' id='line_1_11' title="bbox 130 1301 918 1378; baseline -0.009 -15"><span class='ocrx_word' id='word_1_84' title='bbox 130 1310 195 1375; x_wconf 83' lang='lat' dir='ltr'><strong>bea,</strong></span> <span class='ocrx_word' id='word_1_85' title='bbox 208 1309 299 1378; x_wconf 78' lang='lat' dir='ltr'><strong>utltpue</strong></span> <span class='ocrx_word' id='word_1_86' title='bbox 312 1308 382 1378; x_wconf 82' lang='lat' dir='ltr'><strong>ntrod</strong></span> <span class='ocrx_word' id='word_1_87' title='bbox 398 1315 533 1362; x_wconf 88' lang='lat' dir='ltr'><strong>tuortuum</strong></span> <span class='ocrx_word' id='word_1_88' title='bbox 548 1315 588 1360; x_wconf 89' lang='lat' dir='ltr'><strong>est</strong></span> <span class='ocrx_word' id='word_1_89' title='bbox 603 1304 685 1359; x_wconf 91' lang='lat' dir='ltr'><strong>semel</strong></span> <span class='ocrx_word' id='word_1_90' title='bbox 699 1312 817 1370; x_wconf 87' lang='lat' dir='ltr'><strong>peccato.</strong></span> <span class='ocrx_word' id='word_1_91' title='bbox 835 1301 918 1356; x_wconf 80' lang='lat' dir='ltr'><strong>liudis</strong></span> 
     </span>
     <span class='ocr_line' id='line_1_12' title="bbox 129 1393 918 1469; baseline -0.01 -15"><span class='ocrx_word' id='word_1_92' title='bbox 129 1399 254 1469; x_wconf 83' lang='lat' dir='ltr'><strong>deniqne,</strong></span> <span class='ocrx_word' id='word_1_93' title='bbox 269 1398 350 1454; x_wconf 87' lang='lat' dir='ltr'><strong>Sedet</strong></span> <span class='ocrx_word' id='word_1_94' title='bbox 369 1398 401 1451; x_wconf 88' lang='lat' dir='ltr'><strong>ad</strong></span> <span class='ocrx_word' id='word_1_95' title='bbox 422 1398 558 1452; x_wconf 85' lang='lat' dir='ltr'><strong>dexteram</strong></span> <span class='ocrx_word' id='word_1_96' title='bbox 581 1395 676 1458; x_wconf 87' lang='lat' dir='ltr'><strong>Patris,</strong></span> <span class='ocrx_word' id='word_1_97' title='bbox 691 1409 715 1448; x_wconf 87' lang='lat' dir='ltr'><strong>e:</strong></span> <span class='ocrx_word' id='word_1_98' title='bbox 733 1393 841 1448; x_wconf 60' lang='lat' dir='ltr'><strong>dubitas</strong></span> <span class='ocrx_word' id='word_1_99' title='bbox 856 1408 918 1448; x_wconf 90' lang='lat' dir='ltr'><strong>eum</strong></span> 
     </span>
    </p>
   </div>
   <div class='ocr_carea' id='block_1_3' title="bbox 727 271 1141 333">
    <p class='ocr_par' dir='ltr' id='par_1_3' title="bbox 727 271 1141 333">
     <span class='ocr_line' id='line_1_13' title="bbox 727 271 1141 333; baseline -0.017 1"><span class='ocrx_word' id='word_1_100' title='bbox 727 279 761 333; x_wconf 86' lang='lat' dir='ltr'><strong>ll.</strong></span> <span class='ocrx_word' id='word_1_101' title='bbox 786 275 924 333; x_wconf 74' lang='lat' dir='ltr'><strong>llUllliLll</strong></span> <span class='ocrx_word' id='word_1_102' title='bbox 943 271 1141 331; x_wconf 83' lang='lat' dir='ltr'><strong>elSStobttltt</strong></span> 
     </span>
    </p>
   </div>
   <div class='ocr_carea' id='block_1_4' title="bbox 126 391 948 467">
    <p class='ocr_par' dir='ltr' id='par_1_4' title="bbox 126 391 948 467">
     <span class='ocr_line' id='line_1_14' title="bbox 126 391 948 467; baseline -0.019 -13"><span class='ocrx_word' id='word_1_103' title='bbox 126 401 235 454; x_wconf 83' lang='lat' dir='ltr'><strong>ntnuiuo</strong></span> <span class='ocrx_word' id='word_1_104' title='bbox 259 394 417 467; x_wconf 75' lang='lat' dir='ltr'><strong>predicaris.</strong></span> <span class='ocrx_word' id='word_1_105' title='bbox 439 391 493 450; x_wconf 81' lang='lat' dir='ltr'><strong>sac</strong></span> <span class='ocrx_word' id='word_1_106' title='bbox 513 391 575 462; x_wconf 83' lang='lat' dir='ltr'><strong>quid</strong></span> <span class='ocrx_word' id='word_1_107' title='bbox 599 391 782 461; x_wconf 86' lang='lat' dir='ltr'><strong>inposterum</strong></span> <span class='ocrx_word' id='word_1_108' title='bbox 805 393 948 446; x_wconf 53' lang='lat' dir='ltr'><strong>terrenali</strong></span> 
     </span>
    </p>
   </div>
   <div class='ocr_carea' id='block_1_5' title="bbox 966 384 1763 1460">
    <p class='ocr_par' dir='ltr' id='par_1_5' title="bbox 1249 384 1464 457">
     <span class='ocr_line' id='line_1_15' title="bbox 1249 384 1464 457; baseline 0.009 -19"><span class='ocrx_word' id='word_1_109' title='bbox 1249 384 1345 441; x_wconf 80' lang='lat' dir='ltr'><strong>Dirisio</strong></span> <span class='ocrx_word' id='word_1_110' title='bbox 1363 391 1464 457; x_wconf 87' lang='lat' dir='ltr'><strong>ptalrrtt&#39;.</strong></span> 
     </span>
    </p>

    <p class='ocr_par' dir='ltr' id='par_1_6' title="bbox 966 471 1763 1460">
     <span class='ocr_line' id='line_1_16' title="bbox 1002 471 1759 548; baseline -0.001 -16"><span class='ocrx_word' id='word_1_111' title='bbox 1002 476 1120 545; x_wconf 73' lang='lat' dir='ltr'><strong>lhrpmlns</strong></span> <span class='ocrx_word' id='word_1_112' title='bbox 1135 477 1274 533; x_wconf 90' lang='lat' dir='ltr'><strong>beatorum</strong></span> <span class='ocrx_word' id='word_1_113' title='bbox 1289 479 1401 535; x_wconf 88' lang='lat' dir='ltr'><strong>dirersis</strong></span> <span class='ocrx_word' id='word_1_114' title='bbox 1415 477 1507 534; x_wconf 88' lang='lat' dir='ltr'><strong>mundi</strong></span> <span class='ocrx_word' id='word_1_115' title='bbox 1530 471 1649 548; x_wconf 79' lang='lat' dir='ltr'><strong>partibus</strong></span> <span class='ocrx_word' id='word_1_116' title='bbox 1664 490 1759 548; x_wconf 84' lang='lat' dir='ltr'><strong>aggre-</strong></span> 
     </span>
     <span class='ocr_line' id='line_1_17' title="bbox 966 568 1759 641; baseline 0.004 -20"><span class='ocrx_word' id='word_1_117' title='bbox 966 578 1052 638; x_wconf 76' lang='lat' dir='ltr'><strong>gatus,</strong></span> <span class='ocrx_word' id='word_1_118' title='bbox 1076 571 1161 636; x_wconf 92' lang='lat' dir='ltr'><strong>primo</strong></span> <span class='ocrx_word' id='word_1_119' title='bbox 1184 570 1305 638; x_wconf 82' lang='lat' dir='ltr'><strong>ingressu</strong></span> <span class='ocrx_word' id='word_1_120' title='bbox 1328 572 1421 641; x_wconf 88' lang='lat' dir='ltr'><strong>psalmi</strong></span> <span class='ocrx_word' id='word_1_121' title='bbox 1434 569 1557 627; x_wconf 81' lang='lat' dir='ltr'><strong>corillteri</strong></span> <span class='ocrx_word' id='word_1_122' title='bbox 1574 584 1604 625; x_wconf 89' lang='lat' dir='ltr'><strong>se</strong></span> <span class='ocrx_word' id='word_1_123' title='bbox 1618 568 1683 624; x_wconf 89' lang='lat' dir='ltr'><strong>dicit</strong></span> <span class='ocrx_word' id='word_1_124' title='bbox 1704 569 1759 624; x_wconf 86' lang='lat' dir='ltr'><strong>bc-</strong></span> 
     </span>
     <span class='ocr_line' id='line_1_18' title="bbox 968 652 1758 730; baseline 0.005 -18"><span class='ocrx_word' id='word_1_125' title='bbox 968 661 1042 713; x_wconf 93' lang='lat' dir='ltr'><strong>tnino</strong></span> <span class='ocrx_word' id='word_1_126' title='bbox 1058 660 1083 712; x_wconf 95' lang='lat' dir='ltr'><strong>iu</strong></span> <span class='ocrx_word' id='word_1_127' title='bbox 1095 661 1302 728; x_wconf 82' lang='lat' dir='ltr'><strong>congregatione</strong></span> <span class='ocrx_word' id='word_1_128' title='bbox 1314 661 1458 730; x_wconf 60' lang='lat' dir='ltr'><strong>justorum,</strong></span> <span class='ocrx_word' id='word_1_129' title='bbox 1472 662 1515 715; x_wconf 90' lang='lat' dir='ltr'><strong>ubi</strong></span> <span class='ocrx_word' id='word_1_130' title='bbox 1528 671 1569 717; x_wconf 91' lang='lat' dir='ltr'><strong>est</strong></span> <span class='ocrx_word' id='word_1_131' title='bbox 1582 672 1683 717; x_wconf 83' lang='lat' dir='ltr'><strong>aetcrna</strong></span> <span class='ocrx_word' id='word_1_132' title='bbox 1694 652 1758 717; x_wconf 83' lang='lat' dir='ltr'><strong>latts&#39;</strong></span> 
     </span>
     <span class='ocr_line' id='line_1_19' title="bbox 967 752 1760 822; baseline 0.001 -15"><span class='ocrx_word' id='word_1_133' title='bbox 967 762 995 808; x_wconf 93' lang='lat' dir='ltr'><strong>et</strong></span> <span class='ocrx_word' id='word_1_134' title='bbox 1016 752 1074 806; x_wconf 91' lang='lat' dir='ltr'><strong>sine</strong></span> <span class='ocrx_word' id='word_1_135' title='bbox 1098 752 1150 805; x_wconf 92' lang='lat' dir='ltr'><strong>llne</strong></span> <span class='ocrx_word' id='word_1_136' title='bbox 1171 753 1344 821; x_wconf 77' lang='lat' dir='ltr'><strong>praeculum.</strong></span> <span class='ocrx_word' id='word_1_137' title='bbox 1360 752 1494 809; x_wconf 72' lang='lat' dir='ltr'><strong>,Continet</strong></span> <span class='ocrx_word' id='word_1_138' title='bbox 1513 763 1600 808; x_wconf 87' lang='lat' dir='ltr'><strong>autem</strong></span> <span class='ocrx_word' id='word_1_139' title='bbox 1619 752 1678 807; x_wconf 77' lang='lat' dir='ltr'><strong>trec</strong></span> <span class='ocrx_word' id='word_1_140' title='bbox 1697 764 1760 822; x_wconf 83' lang='lat' dir='ltr'><strong>pars</strong></span> 
     </span>
     <span class='ocr_line' id='line_1_20' title="bbox 969 842 1760 918; baseline 0.004 -23"><span class='ocrx_word' id='word_1_141' title='bbox 969 843 1089 912; x_wconf 72' lang='lat' dir='ltr'><strong>predicti</strong></span> <span class='ocrx_word' id='word_1_142' title='bbox 1106 842 1239 912; x_wconf 75' lang='lat' dir='ltr'>alphabeti</span> <span class='ocrx_word' id='word_1_143' title='bbox 1256 843 1357 898; x_wconf 89' lang='lat' dir='ltr'><strong>litteras</strong></span> <span class='ocrx_word' id='word_1_144' title='bbox 1380 860 1436 898; x_wconf 85' lang='lat' dir='ltr'><strong>sex.</strong></span> <span class='ocrx_word' id='word_1_145' title='bbox 1458 842 1582 901; x_wconf 81' lang='lat' dir='ltr'><strong>Secundo</strong></span> <span class='ocrx_word' id='word_1_146' title='bbox 1595 842 1688 899; x_wconf 81' lang='lat' dir='ltr'><strong>fideles</strong></span> <span class='ocrx_word' id='word_1_147' title='bbox 1701 844 1760 918; x_wconf 73' lang='lat' dir='ltr'><strong>ejus</strong></span> 
     </span>
     <span class='ocr_line' id='line_1_21' title="bbox 969 916 1761 1002; baseline 0.001 -14"><span class='ocrx_word' id='word_1_148' title='bbox 969 935 1033 988; x_wconf 87' lang='lat' dir='ltr'><strong>dicit</strong></span> <span class='ocrx_word' id='word_1_149' title='bbox 1056 935 1167 1002; x_wconf 89' lang='lat' dir='ltr'><strong>copioso</strong></span> <span class='ocrx_word' id='word_1_150' title='bbox 1192 949 1302 990; x_wconf 90' lang='lat' dir='ltr'><strong>manere</strong></span> <span class='ocrx_word' id='word_1_151' title='bbox 1327 936 1456 1001; x_wconf 88' lang='lat' dir='ltr'><strong>satiatos,</strong></span> <span class='ocrx_word' id='word_1_152' title='bbox 1481 937 1625 990; x_wconf 81' lang='lat' dir='ltr'><strong>adrentum</strong></span> <span class='ocrx_word' id='word_1_153' title='bbox 1653 916 1761 989; x_wconf 79' lang='lat' dir='ltr'><strong>bonini</strong></span> 
     </span>
     <span class='ocr_line' id='line_1_22' title="bbox 968 1022 1761 1094; baseline 0.001 -17"><span class='ocrx_word' id='word_1_154' title='bbox 968 1024 1199 1091; x_wconf 78' lang='lat' dir='ltr'><strong>compromittens,</strong></span> <span class='ocrx_word' id='word_1_155' title='bbox 1220 1033 1250 1076; x_wconf 90' lang='lat' dir='ltr'><strong>ut</strong></span> <span class='ocrx_word' id='word_1_156' title='bbox 1268 1025 1452 1079; x_wconf 77' lang='lat' dir='ltr'><strong>haereditatem</strong></span> <span class='ocrx_word' id='word_1_157' title='bbox 1473 1025 1615 1094; x_wconf 72' lang='lat' dir='ltr'><strong>pollicitam</strong></span> <span class='ocrx_word' id='word_1_158' title='bbox 1636 1022 1761 1078; x_wconf 85' lang='lat' dir='ltr'><strong>aridissi-</strong></span> 
     </span>
     <span class='ocr_line' id='line_1_23' title="bbox 969 1113 1761 1185; baseline 0.006 -20"><span class='ocrx_word' id='word_1_159' title='bbox 969 1128 1011 1166; x_wconf 87' lang='lat' dir='ltr'><strong>nta</strong></span> <span class='ocrx_word' id='word_1_160' title='bbox 1028 1116 1175 1168; x_wconf 88' lang='lat' dir='ltr'><strong>intentione</strong></span> <span class='ocrx_word' id='word_1_161' title='bbox 1189 1113 1360 1183; x_wconf 71' lang='lat' dir='ltr'><strong>perannum</strong></span> <span class='ocrx_word' id='word_1_162' title='bbox 1376 1115 1402 1169; x_wconf 94' lang='lat' dir='ltr'><strong>in</strong></span> <span class='ocrx_word' id='word_1_163' title='bbox 1418 1132 1470 1185; x_wconf 88' lang='lat' dir='ltr'><strong>qtto</strong></span> <span class='ocrx_word' id='word_1_164' title='bbox 1485 1116 1543 1171; x_wconf 62' lang='lat' dir='ltr'><strong>alita</strong></span> <span class='ocrx_word' id='word_1_165' title='bbox 1558 1116 1650 1171; x_wconf 85' lang='lat' dir='ltr'><strong>decem</strong></span> <span class='ocrx_word' id='word_1_166' title='bbox 1666 1114 1761 1170; x_wconf 75' lang='lat' dir='ltr'><strong>littera</strong></span> 
     </span>
     <span class='ocr_line' id='line_1_24' title="bbox 969 1204 1761 1274; baseline -0.003 -16"><span class='ocrx_word' id='word_1_167' title='bbox 969 1215 1031 1258; x_wconf 89' lang='lat' dir='ltr'><strong>sont</strong></span> <span class='ocrx_word' id='word_1_168' title='bbox 1052 1204 1173 1274; x_wconf 71' lang='lat' dir='ltr'><strong>digesta.</strong></span> <span class='ocrx_word' id='word_1_169' title='bbox 1191 1204 1281 1259; x_wconf 85' lang='grc' dir='ltr'>Τιιιῑο</span> <span class='ocrx_word' id='word_1_170' title='bbox 1296 1205 1447 1274; x_wconf 85' lang='lat' dir='ltr'><strong>redemptos</strong></span> <span class='ocrx_word' id='word_1_171' title='bbox 1467 1208 1563 1262; x_wconf 62' lang='lat' dir='ltr'><strong>asserit</strong></span> <span class='ocrx_word' id='word_1_172' title='bbox 1584 1205 1761 1271; x_wconf 82' lang='lat' dir='ltr'><strong>Cltristinnus,</strong></span> 
     </span>
     <span class='ocr_line' id='line_1_25' title="bbox 970 1296 1761 1368; baseline 0.001 -19"><span class='ocrx_word' id='word_1_173' title='bbox 970 1305 997 1349; x_wconf 91' lang='lat' dir='ltr'><strong>et</strong></span> <span class='ocrx_word' id='word_1_174' title='bbox 1009 1296 1207 1352; x_wconf 72' lang='lat' dir='ltr'><strong>Testamentum</strong></span> <span class='ocrx_word' id='word_1_175' title='bbox 1229 1296 1331 1351; x_wconf 80' lang='lat' dir='ltr'><strong>Novum</strong></span> <span class='ocrx_word' id='word_1_176' title='bbox 1350 1307 1449 1351; x_wconf 75' lang='lat' dir='ltr'><strong>aeterua</strong></span> <span class='ocrx_word' id='word_1_177' title='bbox 1465 1297 1547 1368; x_wconf 84' lang='lat' dir='ltr'><strong>gratia</strong></span> <span class='ocrx_word' id='word_1_178' title='bbox 1564 1301 1761 1352; x_wconf 74' lang='lat' dir='ltr'><strong>consecratum.</strong></span> 
     </span>
     <span class='ocr_line' id='line_1_26' title="bbox 971 1387 1763 1460; baseline 0.005 -19"><span class='ocrx_word' id='word_1_179' title='bbox 971 1387 1022 1442; x_wconf 91' lang='lat' dir='ltr'><strong>lsta</strong></span> <span class='ocrx_word' id='word_1_180' title='bbox 1036 1404 1099 1442; x_wconf 79' lang='lat' dir='ltr'><strong>tero</strong></span> <span class='ocrx_word' id='word_1_181' title='bbox 1113 1389 1233 1443; x_wconf 86' lang='lat' dir='ltr'><strong>residuas</strong></span> <span class='ocrx_word' id='word_1_182' title='bbox 1247 1405 1292 1443; x_wconf 82' lang='lat' dir='ltr'><strong>sex</strong></span> <span class='ocrx_word' id='word_1_183' title='bbox 1306 1389 1407 1444; x_wconf 76' lang='lat' dir='ltr'><strong>litteras</strong></span> <span class='ocrx_word' id='word_1_184' title='bbox 1419 1391 1560 1458; x_wconf 74' lang='lat' dir='ltr'><strong>recipiens,</strong></span> <span class='ocrx_word' id='word_1_185' title='bbox 1573 1400 1658 1445; x_wconf 90' lang='lat' dir='ltr'><strong>totum</strong></span> <span class='ocrx_word' id='word_1_186' title='bbox 1669 1387 1763 1460; x_wconf 82' lang='lat' dir='ltr'><strong>alpha-</strong></span> 
     </span>
    </p>
   </div>
   <div class='ocr_carea' id='block_1_6' title="bbox 130 1478 1515 1561">
    <p class='ocr_par' dir='ltr' id='par_1_7' title="bbox 130 1478 1515 1561">
     <span class='ocr_line' id='line_1_27' title="bbox 130 1478 1515 1561; baseline -0.008 -17"><span class='ocrx_word' id='word_1_187' title='bbox 130 1489 247 1545; x_wconf 88' lang='lat' dir='ltr'><strong>retinere</strong></span> <span class='ocrx_word' id='word_1_188' title='bbox 272 1490 342 1558; x_wconf 83' lang='lat' dir='ltr'><strong>qnod</strong></span> <span class='ocrx_word' id='word_1_189' title='bbox 371 1486 528 1541; x_wconf 86' lang='lat' dir='ltr'><strong>immanitati</strong></span> <span class='ocrx_word' id='word_1_190' title='bbox 551 1485 608 1555; x_wconf 79' lang='lat' dir='ltr'><strong>ejus</strong></span> <span class='ocrx_word' id='word_1_191' title='bbox 637 1490 728 1554; x_wconf 89' lang='lat' dir='ltr'><strong>potest</strong></span> <span class='ocrx_word' id='word_1_192' title='bbox 751 1483 935 1561; x_wconf 46' lang='lat' dir='ltr'><strong>saluutmorlffi</strong></span> <span class='ocrx_word' id='word_1_193' title='bbox 971 1478 1059 1533; x_wconf 88' lang='lat' dir='ltr'><strong>batum</strong></span> <span class='ocrx_word' id='word_1_194' title='bbox 1072 1479 1168 1534; x_wconf 86' lang='lat' dir='ltr'><strong>decora</strong></span> <span class='ocrx_word' id='word_1_195' title='bbox 1186 1479 1350 1550; x_wconf 77' lang='lat' dir='ltr'><strong>perfectione</strong></span> <span class='ocrx_word' id='word_1_196' title='bbox 1361 1480 1515 1550; x_wconf 79' lang='lat' dir='ltr'><strong>complevit.</strong></span> 
     </span>
    </p>
   </div>
   <div class='ocr_carea' id='block_1_7' title="bbox 129 1575 920 1740">
    <p class='ocr_par' dir='ltr' id='par_1_8' title="bbox 129 1575 920 1740">
     <span class='ocr_line' id='line_1_28' title="bbox 130 1575 920 1649; baseline -0.01 -11"><span class='ocrx_word' id='word_1_197' title='bbox 130 1581 291 1638; x_wconf 80' lang='lat' dir='ltr'><strong>conrenire&#39;l</strong></span> <span class='ocrx_word' id='word_1_198' title='bbox 312 1580 470 1645; x_wconf 80' lang='lat' dir='ltr'><strong>Permittite,</strong></span> <span class='ocrx_word' id='word_1_199' title='bbox 491 1592 653 1649; x_wconf 73' lang='lat' dir='ltr'><strong>quaesumus,</strong></span> <span class='ocrx_word' id='word_1_200' title='bbox 670 1590 743 1646; x_wconf 87' lang='lat' dir='ltr'><strong>spem</strong></span> <span class='ocrx_word' id='word_1_201' title='bbox 763 1575 857 1631; x_wconf 90' lang='lat' dir='ltr'><strong>salutis</strong></span> <span class='ocrx_word' id='word_1_202' title='bbox 871 1590 920 1630; x_wconf 83' lang='lat' dir='ltr'><strong>uo·</strong></span> 
     </span>
     <span class='ocr_line' id='line_1_29' title="bbox 129 1669 920 1740; baseline -0.009 -11"><span class='ocrx_word' id='word_1_203' title='bbox 129 1681 193 1729; x_wconf 80' lang='lat' dir='ltr'><strong>strae</strong></span> <span class='ocrx_word' id='word_1_204' title='bbox 206 1672 341 1728; x_wconf 87' lang='lat' dir='ltr'><strong>Christum</strong></span> <span class='ocrx_word' id='word_1_205' title='bbox 358 1671 497 1727; x_wconf 88' lang='lat' dir='ltr'><strong>bominum</strong></span> <span class='ocrx_word' id='word_1_206' title='bbox 513 1685 620 1738; x_wconf 87' lang='lat' dir='ltr'><strong>semper</strong></span> <span class='ocrx_word' id='word_1_207' title='bbox 634 1669 698 1734; x_wconf 89' lang='lat' dir='ltr'><strong>diei,</strong></span> <span class='ocrx_word' id='word_1_208' title='bbox 713 1670 757 1740; x_wconf 82' lang='lat' dir='ltr'><strong>otri</strong></span> <span class='ocrx_word' id='word_1_209' title='bbox 781 1678 853 1723; x_wconf 88' lang='lat' dir='ltr'><strong>recte</strong></span> <span class='ocrx_word' id='word_1_210' title='bbox 874 1684 920 1736; x_wconf 92' lang='lat' dir='ltr'><strong>po-</strong></span> 
     </span>
    </p>
   </div>
   <div class='ocr_carea' id='block_1_8' title="bbox 1231 1620 1485 1690">
    <p class='ocr_par' dir='ltr' id='par_1_9' title="bbox 1231 1620 1485 1690">
     <span class='ocr_line' id='line_1_30' title="bbox 1231 1620 1485 1690; baseline 0.012 -17"><span class='ocrx_word' id='word_1_211' title='bbox 1231 1620 1364 1690; x_wconf 80' lang='lat' dir='ltr'><strong>Erpositio</strong></span> <span class='ocrx_word' id='word_1_212' title='bbox 1384 1623 1485 1690; x_wconf 76' lang='lat' dir='ltr'><strong>pentat.</strong></span> 
     </span>
    </p>
   </div>
   <div class='ocr_carea' id='block_1_9' title="bbox 131 1757 1766 1834">
    <p class='ocr_par' dir='ltr' id='par_1_10' title="bbox 131 1757 1766 1834">
     <span class='ocr_line' id='line_1_31' title="bbox 131 1757 1766 1834; baseline -0.002 -17"><span class='ocrx_word' id='word_1_213' title='bbox 131 1771 183 1818; x_wconf 90' lang='lat' dir='ltr'><strong>test</strong></span> <span class='ocrx_word' id='word_1_214' title='bbox 206 1763 251 1817; x_wconf 91' lang='lat' dir='ltr'><strong>tali</strong></span> <span class='ocrx_word' id='word_1_215' title='bbox 275 1762 384 1817; x_wconf 87' lang='lat' dir='ltr'><strong>nomiue</strong></span> <span class='ocrx_word' id='word_1_216' title='bbox 408 1762 565 1829; x_wconf 86' lang='lat' dir='ltr'><strong>nuncupari,</strong></span> <span class='ocrx_word' id='word_1_217' title='bbox 581 1775 641 1816; x_wconf 90' lang='lat' dir='ltr'><strong>cum</strong></span> <span class='ocrx_word' id='word_1_218' title='bbox 657 1762 685 1816; x_wconf 92' lang='lat' dir='ltr'><strong>iu</strong></span> <span class='ocrx_word' id='word_1_219' title='bbox 698 1761 801 1815; x_wconf 88' lang='lat' dir='ltr'><strong>dnalms</strong></span> <span class='ocrx_word' id='word_1_220' title='bbox 818 1758 960 1819; x_wconf 83' lang='lat' dir='ltr'><strong>naturisB</strong></span> <span class='ocrx_word' id='word_1_221' title='bbox 1011 1758 1082 1815; x_wconf 76' lang='lat' dir='ltr'><strong>lars</strong></span> <span class='ocrx_word' id='word_1_222' title='bbox 1109 1760 1136 1816; x_wconf 86' lang='lat' dir='ltr'><strong>l.</strong></span> <span class='ocrx_word' id='word_1_223' title='bbox 1152 1760 1254 1825; x_wconf 76' lang='lat' dir='ltr'><strong>Aaron,</strong></span> <span class='ocrx_word' id='word_1_224' title='bbox 1274 1760 1357 1815; x_wconf 84' lang='grc' dir='ltr'>Βιτι.</span> <span class='ocrx_word' id='word_1_225' title='bbox 1375 1760 1518 1832; x_wconf 75' lang='lat' dir='ltr'><strong>Confitebor</strong></span> <span class='ocrx_word' id='word_1_226' title='bbox 1537 1757 1592 1834; x_wconf 74' lang='lat' dir='ltr'><strong>titi,</strong></span> <span class='ocrx_word' id='word_1_227' title='bbox 1608 1758 1766 1834; x_wconf 59' lang='lat' dir='ltr'><strong>Dominam</strong></span> 
     </span>
    </p>
   </div>
   <div class='ocr_carea' id='block_1_10' title="bbox 132 1852 928 2453">
    <p class='ocr_par' dir='ltr' id='par_1_11' title="bbox 132 1852 928 2453">
     <span class='ocr_line' id='line_1_32' title="bbox 132 1852 922 1925; baseline 0 -17"><span class='ocrx_word' id='word_1_228' title='bbox 132 1854 253 1910; x_wconf 79' lang='lat' dir='ltr'><strong>adunatis</strong></span> <span class='ocrx_word' id='word_1_229' title='bbox 269 1866 349 1925; x_wconf 81' lang='lat' dir='ltr'><strong>atque</strong></span> <span class='ocrx_word' id='word_1_230' title='bbox 363 1853 488 1924; x_wconf 82' lang='lat' dir='ltr'><strong>perlectis</strong></span> <span class='ocrx_word' id='word_1_231' title='bbox 502 1855 530 1908; x_wconf 91' lang='lat' dir='ltr'><strong>iu</strong></span> <span class='ocrx_word' id='word_1_232' title='bbox 544 1853 627 1925; x_wconf 82' lang='lat' dir='ltr'><strong>gloria</strong></span> <span class='ocrx_word' id='word_1_233' title='bbox 644 1852 730 1908; x_wconf 82' lang='lat' dir='ltr'><strong>Patris</strong></span> <span class='ocrx_word' id='word_1_234' title='bbox 744 1854 922 1923; x_wconf 78' lang='lat' dir='ltr'><strong>permanetis</strong></span> 
     </span>
     <span class='ocr_line' id='line_1_33' title="bbox 133 1943 924 2013; baseline -0.005 -11"><span class='ocrx_word' id='word_1_235' title='bbox 133 1947 230 2002; x_wconf 84' lang='lat' dir='ltr'><strong>saecula</strong></span> <span class='ocrx_word' id='word_1_236' title='bbox 256 1945 427 2002; x_wconf 80' lang='lat' dir='ltr'><strong>aneatorum.</strong></span> <span class='ocrx_word' id='word_1_237' title='bbox 453 1944 519 2000; x_wconf 83' lang='lat' dir='ltr'><strong>llam</strong></span> <span class='ocrx_word' id='word_1_238' title='bbox 542 1945 565 1999; x_wconf 92' lang='lat' dir='ltr'><strong>si</strong></span> <span class='ocrx_word' id='word_1_239' title='bbox 593 1945 662 1998; x_wconf 87' lang='lat' dir='ltr'><strong>dicta</strong></span> <span class='ocrx_word' id='word_1_240' title='bbox 689 1954 777 1999; x_wconf 84' lang='lat' dir='ltr'><strong>restra</strong></span> <span class='ocrx_word' id='word_1_241' title='bbox 805 1943 924 2013; x_wconf 87' lang='lat' dir='ltr'><strong>diligenti</strong></span> 
     </span>
     <span class='ocr_line' id='line_1_34' title="bbox 136 2032 926 2107; baseline -0.004 -15"><span class='ocrx_word' id='word_1_242' title='bbox 136 2036 336 2092; x_wconf 85' lang='lat' dir='ltr'><strong>craruinatlouc</strong></span> <span class='ocrx_word' id='word_1_243' title='bbox 348 2035 476 2107; x_wconf 86' lang='lat' dir='ltr'><strong>pensetis,</strong></span> <span class='ocrx_word' id='word_1_244' title='bbox 486 2036 591 2106; x_wconf 89' lang='lat' dir='ltr'><strong>quoties</strong></span> <span class='ocrx_word' id='word_1_245' title='bbox 602 2033 691 2089; x_wconf 83' lang='lat' dir='ltr'><strong>lesum</strong></span> <span class='ocrx_word' id='word_1_246' title='bbox 700 2032 835 2090; x_wconf 79' lang='lat' dir='ltr'><strong>Christum</strong></span> <span class='ocrx_word' id='word_1_247' title='bbox 848 2033 926 2089; x_wconf 87' lang='lat' dir='ltr'><strong>unius</strong></span> 
     </span>
     <span class='ocr_line' id='line_1_35' title="bbox 133 2123 928 2195; baseline -0.005 -15"><span class='ocrx_word' id='word_1_248' title='bbox 133 2139 194 2181; x_wconf 81' lang='lat' dir='ltr'><strong>esse</strong></span> <span class='ocrx_word' id='word_1_249' title='bbox 209 2134 312 2181; x_wconf 84' lang='lat' dir='ltr'><strong>natorae</strong></span> <span class='ocrx_word' id='word_1_250' title='bbox 326 2125 425 2190; x_wconf 87' lang='lat' dir='ltr'><strong>dicitis,</strong></span> <span class='ocrx_word' id='word_1_251' title='bbox 447 2127 526 2181; x_wconf 89' lang='lat' dir='ltr'><strong>toties</strong></span> <span class='ocrx_word' id='word_1_252' title='bbox 545 2141 606 2181; x_wconf 91' lang='lat' dir='ltr'><strong>eunt</strong></span> <span class='ocrx_word' id='word_1_253' title='bbox 621 2125 702 2178; x_wconf 92' lang='lat' dir='ltr'><strong>lllium</strong></span> <span class='ocrx_word' id='word_1_254' title='bbox 725 2132 825 2179; x_wconf 77' lang='lat' dir='ltr'><strong>sanctae</strong></span> <span class='ocrx_word' id='word_1_255' title='bbox 842 2123 928 2195; x_wconf 90' lang='lat' dir='ltr'><strong>l&#39;irgi-</strong></span> 
     </span>
     <span class='ocr_line' id='line_1_36' title="bbox 136 2214 925 2288; baseline -0.001 -18"><span class='ocrx_word' id='word_1_256' title='bbox 136 2216 177 2271; x_wconf 90' lang='lat' dir='ltr'><strong>nis</strong></span> <span class='ocrx_word' id='word_1_257' title='bbox 192 2216 343 2288; x_wconf 79' lang='lat' dir='ltr'><strong>abnegatis.</strong></span> <span class='ocrx_word' id='word_1_258' title='bbox 356 2217 390 2271; x_wconf 82' lang='lat' dir='ltr'><strong>Et</strong></span> <span class='ocrx_word' id='word_1_259' title='bbox 400 2215 488 2271; x_wconf 84' lang='lat' dir='ltr'><strong>ridete</strong></span> <span class='ocrx_word' id='word_1_260' title='bbox 503 2214 574 2271; x_wconf 90' lang='lat' dir='ltr'><strong>unde</strong></span> <span class='ocrx_word' id='word_1_261' title='bbox 585 2216 640 2285; x_wconf 76' lang='lat' dir='ltr'><strong>iam</strong></span> <span class='ocrx_word' id='word_1_262' title='bbox 653 2215 729 2271; x_wconf 84' lang='lat' dir='ltr'><strong>robis</strong></span> <span class='ocrx_word' id='word_1_263' title='bbox 740 2217 811 2270; x_wconf 78' lang='lat' dir='ltr'><strong>salus</strong></span> <span class='ocrx_word' id='word_1_264' title='bbox 825 2216 925 2282; x_wconf 83' lang='lat' dir='ltr'><strong>veniat,</strong></span> 
     </span>
     <span class='ocr_line' id='line_1_37' title="bbox 135 2305 928 2375; baseline 0 -14"><span class='ocrx_word' id='word_1_265' title='bbox 135 2308 157 2361; x_wconf 84' lang='lat' dir='ltr'><strong>si</strong></span> <span class='ocrx_word' id='word_1_266' title='bbox 170 2322 184 2359; x_wconf 89' lang='lat' dir='ltr'><strong>a</strong></span> <span class='ocrx_word' id='word_1_267' title='bbox 198 2307 272 2362; x_wconf 86' lang='lat' dir='ltr'><strong>vobis</strong></span> <span class='ocrx_word' id='word_1_268' title='bbox 293 2307 433 2361; x_wconf 86' lang='lat' dir='ltr'><strong>hominum</strong></span> <span class='ocrx_word' id='word_1_269' title='bbox 454 2306 617 2362; x_wconf 89' lang='lat' dir='ltr'><strong>Salratnrem</strong></span> <span class='ocrx_word' id='word_1_270' title='bbox 638 2306 800 2375; x_wconf 78' lang='lat' dir='ltr'><strong>perversitas</strong></span> <span class='ocrx_word' id='word_1_271' title='bbox 822 2305 928 2362; x_wconf 88' lang='lat' dir='ltr'><strong>coales-</strong></span> 
     </span>
     <span class='ocr_line' id='line_1_38' title="bbox 137 2397 368 2453; baseline -0.009 0"><span class='ocrx_word' id='word_1_272' title='bbox 137 2397 222 2453; x_wconf 79' lang='lat' dir='ltr'><strong>simis</strong></span> <span class='ocrx_word' id='word_1_273' title='bbox 237 2398 368 2452; x_wconf 81' lang='lat' dir='ltr'><strong>aliscidat.</strong></span> 
     </span>
    </p>
   </div>
   <div class='ocr_carea' id='block_1_11' title="bbox 291 2555 780 2745">
    <p class='ocr_par' dir='ltr' id='par_1_12' title="bbox 291 2555 780 2745">
     <span class='ocr_line' id='line_1_39' title="bbox 291 2555 780 2614; baseline -0.004 -1"><span class='ocrx_word' id='word_1_274' title='bbox 291 2558 471 2614; x_wconf 77' lang='lat' dir='ltr'><strong>exeosuto</strong></span> <span class='ocrx_word' id='word_1_275' title='bbox 490 2557 523 2613; x_wconf 87' lang='grc' dir='ltr'><strong>ΙΝ</strong></span> <span class='ocrx_word' id='word_1_276' title='bbox 543 2556 705 2614; x_wconf 70' lang='lat' dir='ltr'><strong>Psithttttt</strong></span> <span class='ocrx_word' id='word_1_277' title='bbox 723 2555 780 2612; x_wconf 75' lang='lat' dir='ltr'><strong>CX.</strong></span> 
     </span>
     <span class='ocr_line' id='line_1_40' title="bbox 470 2689 592 2745; baseline 0 0"><span class='ocrx_word' id='word_1_278' title='bbox 470 2689 592 2745; x_wconf 78' lang='lat' dir='ltr'><strong>Alleluia.</strong></span> 
     </span>
    </p>
   </div>
   <div class='ocr_carea' id='block_1_12' title="bbox 176 2848 932 2923">
    <p class='ocr_par' dir='ltr' id='par_1_13' title="bbox 176 2848 932 2923">
     <span class='ocr_line' id='line_1_41' title="bbox 176 2848 932 2923; baseline -0.003 -16"><span class='ocrx_word' id='word_1_279' title='bbox 176 2852 303 2923; x_wconf 74' lang='lat' dir='ltr'><strong>Quamvis</strong></span> <span class='ocrx_word' id='word_1_280' title='bbox 325 2852 377 2908; x_wconf 87' lang='lat' dir='ltr'><strong>lroc</strong></span> <span class='ocrx_word' id='word_1_281' title='bbox 396 2865 494 2908; x_wconf 87' lang='lat' dir='ltr'><strong>nornen</strong></span> <span class='ocrx_word' id='word_1_282' title='bbox 517 2850 604 2907; x_wconf 89' lang='lat' dir='ltr'><strong>laudis</strong></span> <span class='ocrx_word' id='word_1_283' title='bbox 619 2851 744 2921; x_wconf 87' lang='lat' dir='ltr'><strong>generale</strong></span> <span class='ocrx_word' id='word_1_284' title='bbox 762 2864 823 2906; x_wconf 89' lang='lat' dir='ltr'><strong>csse</strong></span> <span class='ocrx_word' id='word_1_285' title='bbox 840 2848 932 2905; x_wconf 83' lang='lat' dir='ltr'><strong>ridea-</strong></span> 
     </span>
    </p>
   </div>
   <div class='ocr_carea' id='block_1_13' title="bbox 142 2939 932 3012">
    <p class='ocr_par' dir='ltr' id='par_1_14' title="bbox 142 2939 932 3012">
     <span class='ocr_line' id='line_1_42' title="bbox 142 2939 932 3012; baseline -0.008 -13"><span class='ocrx_word' id='word_1_286' title='bbox 142 2954 195 3011; x_wconf 92' lang='lat' dir='ltr'><strong>tur,</strong></span> <span class='ocrx_word' id='word_1_287' title='bbox 214 2955 303 2999; x_wconf 90' lang='lat' dir='ltr'><strong>tamen</strong></span> <span class='ocrx_word' id='word_1_288' title='bbox 318 2942 356 2998; x_wconf 90' lang='lat' dir='ltr'><strong>lbl</strong></span> <span class='ocrx_word' id='word_1_289' title='bbox 377 2944 493 2998; x_wconf 81' lang='lat' dir='ltr'><strong>maxime</strong></span> <span class='ocrx_word' id='word_1_290' title='bbox 510 2942 660 3012; x_wconf 88' lang='lat' dir='ltr'><strong>apponitur,</strong></span> <span class='ocrx_word' id='word_1_291' title='bbox 674 2941 719 2996; x_wconf 89' lang='lat' dir='ltr'><strong>ubi</strong></span> <span class='ocrx_word' id='word_1_292' title='bbox 735 2956 830 3011; x_wconf 85' lang='lat' dir='ltr'><strong>magna</strong></span> <span class='ocrx_word' id='word_1_293' title='bbox 843 2939 932 2996; x_wconf 84' lang='lat' dir='ltr'><strong>exsul·</strong></span> 
     </span>
    </p>
   </div>
   <div class='ocr_carea' id='block_1_14' title="bbox 976 1847 1774 3024">
    <p class='ocr_par' dir='ltr' id='par_1_15' title="bbox 976 1847 1774 3024">
     <span class='ocr_line' id='line_1_43' title="bbox 977 1847 1767 1922; baseline 0.001 -19"><span class='ocrx_word' id='word_1_294' title='bbox 977 1850 1119 1904; x_wconf 82' lang='lat' dir='ltr'><strong>totocorde</strong></span> <span class='ocrx_word' id='word_1_295' title='bbox 1134 1865 1200 1918; x_wconf 87' lang='lat' dir='ltr'><strong>meo,</strong></span> <span class='ocrx_word' id='word_1_296' title='bbox 1216 1852 1242 1903; x_wconf 87' lang='lat' dir='ltr'><strong>iu</strong></span> <span class='ocrx_word' id='word_1_297' title='bbox 1257 1850 1363 1904; x_wconf 86' lang='lat' dir='ltr'><strong>consilio</strong></span> <span class='ocrx_word' id='word_1_298' title='bbox 1379 1851 1509 1922; x_wconf 79' lang='lat' dir='ltr'><strong>justorum</strong></span> <span class='ocrx_word' id='word_1_299' title='bbox 1524 1859 1547 1903; x_wconf 87' lang='lat' dir='ltr'><strong>rt</strong></span> <span class='ocrx_word' id='word_1_300' title='bbox 1560 1847 1767 1921; x_wconf 57' lang='lat' dir='ltr'><strong>canapariam.</strong></span> 
     </span>
     <span class='ocr_line' id='line_1_44' title="bbox 976 1939 1767 2011; baseline 0 -15"><span class='ocrx_word' id='word_1_301' title='bbox 976 1939 1121 2009; x_wconf 71' lang='lat' dir='ltr'><strong>Canuleios</strong></span> <span class='ocrx_word' id='word_1_302' title='bbox 1141 1942 1221 2011; x_wconf 86' lang='lat' dir='ltr'><strong>(sicut</strong></span> <span class='ocrx_word' id='word_1_303' title='bbox 1242 1957 1314 2011; x_wconf 78' lang='lat' dir='ltr'><strong>sepe</strong></span> <span class='ocrx_word' id='word_1_304' title='bbox 1332 1941 1458 2010; x_wconf 81' lang='lat' dir='ltr'><strong>diximus)</strong></span> <span class='ocrx_word' id='word_1_305' title='bbox 1481 1940 1648 2009; x_wconf 80' lang='lat' dir='ltr'><strong>aottitocum</strong></span> <span class='ocrx_word' id='word_1_306' title='bbox 1669 1954 1767 1996; x_wconf 81' lang='lat' dir='ltr'><strong>nomen</strong></span> 
     </span>
     <span class='ocr_line' id='line_1_45' title="bbox 977 2030 1766 2105; baseline 0 -18"><span class='ocrx_word' id='word_1_307' title='bbox 977 2041 1028 2099; x_wconf 87' lang='lat' dir='ltr'><strong>est,</strong></span> <span class='ocrx_word' id='word_1_308' title='bbox 1053 2032 1100 2087; x_wconf 87' lang='lat' dir='ltr'><strong>sed</strong></span> <span class='ocrx_word' id='word_1_309' title='bbox 1123 2045 1172 2103; x_wconf 93' lang='lat' dir='ltr'><strong>pro</strong></span> <span class='ocrx_word' id='word_1_310' title='bbox 1192 2033 1311 2088; x_wconf 86' lang='lat' dir='ltr'><strong>locorum</strong></span> <span class='ocrx_word' id='word_1_311' title='bbox 1331 2032 1487 2088; x_wconf 81' lang='lat' dir='ltr'><strong>diversitate</strong></span> <span class='ocrx_word' id='word_1_312' title='bbox 1507 2033 1586 2105; x_wconf 73' lang='lat'><strong>301</strong></span> <span class='ocrx_word' id='word_1_313' title='bbox 1611 2030 1766 2100; x_wconf 84' lang='lat' dir='ltr'><strong>suscipitm.</strong></span> 
     </span>
     <span class='ocr_line' id='line_1_46' title="bbox 978 2108 1768 2196; baseline 0.005 -18"><span class='ocrx_word' id='word_1_314' title='bbox 978 2123 1136 2192; x_wconf 82' lang='lat' dir='ltr'><strong>Confitentur</strong></span> <span class='ocrx_word' id='word_1_315' title='bbox 1156 2125 1228 2181; x_wconf 91' lang='lat' dir='ltr'><strong>enim</strong></span> <span class='ocrx_word' id='word_1_316' title='bbox 1249 2134 1276 2180; x_wconf 90' lang='lat' dir='ltr'><strong>et</strong></span> <span class='ocrx_word' id='word_1_317' title='bbox 1298 2108 1343 2196; x_wconf 84' lang='lat' dir='ltr'><strong>qui</strong></span> <span class='ocrx_word' id='word_1_318' title='bbox 1366 2136 1474 2195; x_wconf 85' lang='lat' dir='ltr'><strong>peccata</strong></span> <span class='ocrx_word' id='word_1_319' title='bbox 1491 2126 1640 2195; x_wconf 73' lang='lat' dir='ltr'><strong>deplorant,</strong></span> <span class='ocrx_word' id='word_1_320' title='bbox 1662 2126 1726 2181; x_wconf 90' lang='lat' dir='ltr'><strong>item</strong></span> <span class='ocrx_word' id='word_1_321' title='bbox 1742 2134 1768 2182; x_wconf 89' lang='lat' dir='ltr'><strong>cl</strong></span> 
     </span>
     <span class='ocr_line' id='line_1_47' title="bbox 978 2204 1768 2287; baseline 0.005 -17"><span class='ocrx_word' id='word_1_322' title='bbox 978 2216 1022 2286; x_wconf 89' lang='lat' dir='ltr'><strong>qui</strong></span> <span class='ocrx_word' id='word_1_323' title='bbox 1038 2216 1152 2272; x_wconf 82' lang='lat' dir='ltr'><strong>Domino</strong></span> <span class='ocrx_word' id='word_1_324' title='bbox 1166 2218 1265 2287; x_wconf 88' lang='lat' dir='ltr'><strong>gratias</strong></span> <span class='ocrx_word' id='word_1_325' title='bbox 1280 2219 1401 2274; x_wconf 83' lang='lat' dir='ltr'><strong>celerant</strong></span> <span class='ocrx_word' id='word_1_326' title='bbox 1412 2221 1587 2284; x_wconf 89' lang='lat' dir='ltr'><strong>conlitentur;</strong></span> <span class='ocrx_word' id='word_1_327' title='bbox 1600 2218 1646 2272; x_wconf 89' lang='lat' dir='ltr'><strong>sed</strong></span> <span class='ocrx_word' id='word_1_328' title='bbox 1663 2204 1729 2274; x_wconf 83' lang='lat' dir='ltr'><strong>t&#39;ttnd</strong></span> <span class='ocrx_word' id='word_1_329' title='bbox 1739 2208 1768 2274; x_wconf 81' lang='lat' dir='ltr'><strong>in</strong></span> 
     </span>
     <span class='ocr_line' id='line_1_48' title="bbox 979 2308 1768 2382; baseline 0.006 -19"><span class='ocrx_word' id='word_1_330' title='bbox 979 2310 1113 2381; x_wconf 77' lang='lat' dir='ltr'><strong>lacrymis,</strong></span> <span class='ocrx_word' id='word_1_331' title='bbox 1137 2312 1206 2365; x_wconf 90' lang='lat' dir='ltr'><strong>istud</strong></span> <span class='ocrx_word' id='word_1_332' title='bbox 1231 2313 1257 2367; x_wconf 90' lang='lat' dir='ltr'><strong>iu</strong></span> <span class='ocrx_word' id='word_1_333' title='bbox 1279 2313 1376 2382; x_wconf 85' lang='lat' dir='ltr'><strong>gaudio</strong></span> <span class='ocrx_word' id='word_1_334' title='bbox 1399 2321 1454 2376; x_wconf 85' lang='lat' dir='ltr'><strong>est;</strong></span> <span class='ocrx_word' id='word_1_335' title='bbox 1476 2311 1540 2366; x_wconf 88' lang='lat' dir='ltr'><strong>illud</strong></span> <span class='ocrx_word' id='word_1_336' title='bbox 1562 2311 1589 2366; x_wconf 93' lang='lat' dir='ltr'><strong>iu</strong></span> <span class='ocrx_word' id='word_1_337' title='bbox 1611 2308 1768 2378; x_wconf 77' lang='lat' dir='ltr'><strong>afflictione,</strong></span> 
     </span>
     <span class='ocr_line' id='line_1_49' title="bbox 979 2397 1769 2461; baseline -0.003 -1"><span class='ocrx_word' id='word_1_338' title='bbox 979 2404 1049 2460; x_wconf 88' lang='lat' dir='ltr'><strong>istud</strong></span> <span class='ocrx_word' id='word_1_339' title='bbox 1069 2403 1095 2459; x_wconf 93' lang='lat' dir='ltr'><strong>in</strong></span> <span class='ocrx_word' id='word_1_340' title='bbox 1116 2413 1207 2459; x_wconf 89' lang='lat' dir='ltr'><strong>sancta</strong></span> <span class='ocrx_word' id='word_1_341' title='bbox 1230 2404 1328 2460; x_wconf 79' lang='lat' dir='ltr'><strong>tuentis</strong></span> <span class='ocrx_word' id='word_1_342' title='bbox 1346 2397 1485 2461; x_wconf 85' lang='lat' dir='ltr'><strong>alacritate</strong></span> <span class='ocrx_word' id='word_1_343' title='bbox 1505 2404 1624 2459; x_wconf 88' lang='lat' dir='ltr'><strong>noscitur</strong></span> <span class='ocrx_word' id='word_1_344' title='bbox 1639 2403 1769 2460; x_wconf 88' lang='lat' dir='ltr'><strong>constitu-</strong></span> 
     </span>
     <span class='ocr_line' id='line_1_50' title="bbox 980 2492 1769 2566; baseline 0.003 -18"><span class='ocrx_word' id='word_1_345' title='bbox 980 2504 1046 2549; x_wconf 89' lang='lat' dir='ltr'><strong>tum.</strong></span> <span class='ocrx_word' id='word_1_346' title='bbox 1064 2493 1138 2551; x_wconf 88' lang='lat' dir='ltr'><strong>Unde</strong></span> <span class='ocrx_word' id='word_1_347' title='bbox 1152 2495 1195 2550; x_wconf 91' lang='lat' dir='ltr'><strong>hic</strong></span> <span class='ocrx_word' id='word_1_348' title='bbox 1209 2497 1314 2566; x_wconf 85' lang='lat' dir='ltr'><strong>prolosa</strong></span> <span class='ocrx_word' id='word_1_349' title='bbox 1329 2495 1420 2550; x_wconf 84' lang='lat' dir='ltr'><strong>laetitia</strong></span> <span class='ocrx_word' id='word_1_350' title='bbox 1437 2495 1553 2550; x_wconf 81' lang='lat' dir='ltr'><strong>exsultat</strong></span> <span class='ocrx_word' id='word_1_351' title='bbox 1568 2494 1683 2563; x_wconf 84' lang='lat' dir='ltr'><strong>populns</strong></span> <span class='ocrx_word' id='word_1_352' title='bbox 1701 2492 1769 2563; x_wconf 82' lang='lat' dir='ltr'><strong>ilde·</strong></span> 
     </span>
     <span class='ocr_line' id='line_1_51' title="bbox 981 2580 1770 2661; baseline 0.003 -18"><span class='ocrx_word' id='word_1_353' title='bbox 981 2587 1024 2653; x_wconf 84' lang='lat' dir='ltr'><strong>lis,</strong></span> <span class='ocrx_word' id='word_1_354' title='bbox 1040 2591 1181 2658; x_wconf 84' lang='lat' dir='ltr'><strong>quamdam</strong></span> <span class='ocrx_word' id='word_1_355' title='bbox 1197 2589 1338 2659; x_wconf 76' lang='lat' dir='ltr'><strong>imaginem</strong></span> <span class='ocrx_word' id='word_1_356' title='bbox 1354 2589 1435 2644; x_wconf 86' lang='lat' dir='ltr'><strong>lutari</strong></span> <span class='ocrx_word' id='word_1_357' title='bbox 1448 2590 1539 2646; x_wconf 78' lang='lat' dir='ltr'><strong>secrtli</strong></span> <span class='ocrx_word' id='word_1_358' title='bbox 1553 2588 1709 2661; x_wconf 85' lang='lat' dir='ltr'><strong>besigttaus,</strong></span> <span class='ocrx_word' id='word_1_359' title='bbox 1726 2580 1770 2645; x_wconf 82' lang='lat' dir='ltr'><strong>abi</strong></span> 
     </span>
     <span class='ocr_line' id='line_1_52' title="bbox 982 2674 1771 2747; baseline -0.001 -14"><span class='ocrx_word' id='word_1_360' title='bbox 982 2694 1061 2735; x_wconf 81' lang='lat' dir='ltr'><strong>voces</strong></span> <span class='ocrx_word' id='word_1_361' title='bbox 1077 2679 1135 2734; x_wconf 84' lang='lat' dir='ltr'><strong>istae</strong></span> <span class='ocrx_word' id='word_1_362' title='bbox 1151 2680 1285 2734; x_wconf 70' lang='lat' dir='ltr'><strong>continuae</strong></span> <span class='ocrx_word' id='word_1_363' title='bbox 1305 2689 1377 2747; x_wconf 87' lang='lat' dir='ltr'><strong>sunt,</strong></span> <span class='ocrx_word' id='word_1_364' title='bbox 1394 2688 1421 2734; x_wconf 88' lang='grc' dir='ltr'><strong>ιι</strong></span> <span class='ocrx_word' id='word_1_365' title='bbox 1442 2679 1534 2734; x_wconf 85' lang='lat' dir='ltr'><strong>laudes</strong></span> <span class='ocrx_word' id='word_1_366' title='bbox 1553 2677 1658 2733; x_wconf 74' lang='lat' dir='ltr'><strong>batarini</strong></span> <span class='ocrx_word' id='word_1_367' title='bbox 1673 2674 1771 2734; x_wconf 77' lang='lat' dir='ltr'><strong>devota</strong></span> 
     </span>
     <span class='ocr_line' id='line_1_53' title="bbox 981 2767 1772 2826; baseline 0 -2"><span class='ocrx_word' id='word_1_368' title='bbox 981 2779 1072 2826; x_wconf 90' lang='lat' dir='ltr'><strong>mente</strong></span> <span class='ocrx_word' id='word_1_369' title='bbox 1085 2770 1318 2825; x_wconf 84' lang='lat' dir='ltr'><strong>concelebrantur.</strong></span> <span class='ocrx_word' id='word_1_370' title='bbox 1335 2769 1400 2824; x_wconf 86' lang='lat' dir='ltr'><strong>liant</strong></span> <span class='ocrx_word' id='word_1_371' title='bbox 1414 2781 1442 2825; x_wconf 88' lang='lat' dir='ltr'><strong>ot</strong></span> <span class='ocrx_word' id='word_1_372' title='bbox 1456 2767 1636 2824; x_wconf 78' lang='lat' dir='ltr'><strong>sinceritatem</strong></span> <span class='ocrx_word' id='word_1_373' title='bbox 1656 2783 1715 2824; x_wconf 74' lang='grc' dir='ltr'><strong>ιιι</strong></span> <span class='ocrx_word' id='word_1_374' title='bbox 1733 2768 1772 2824; x_wconf 88' lang='lat' dir='ltr'><strong>io·</strong></span> 
     </span>
     <span class='ocr_line' id='line_1_54' title="bbox 983 2847 1772 2930; baseline 0 -14"><span class='ocrx_word' id='word_1_375' title='bbox 983 2862 1112 2917; x_wconf 82' lang='lat' dir='ltr'><strong>tentionis</strong></span> <span class='ocrx_word' id='word_1_376' title='bbox 1138 2860 1279 2930; x_wconf 90' lang='lat' dir='ltr'><strong>ostendat,</strong></span> <span class='ocrx_word' id='word_1_377' title='bbox 1302 2861 1471 2917; x_wconf 88' lang='lat' dir='ltr'><strong>laudaturum</strong></span> <span class='ocrx_word' id='word_1_378' title='bbox 1496 2875 1525 2916; x_wconf 88' lang='lat' dir='ltr'><strong>se</strong></span> <span class='ocrx_word' id='word_1_379' title='bbox 1547 2860 1612 2917; x_wconf 90' lang='lat' dir='ltr'><strong>dicit</strong></span> <span class='ocrx_word' id='word_1_380' title='bbox 1631 2876 1695 2919; x_wconf 86' lang='lat' dir='ltr'><strong>eum</strong></span> <span class='ocrx_word' id='word_1_381' title='bbox 1718 2847 1772 2916; x_wconf 78' lang='lat' dir='ltr'><strong>tolo</strong></span> 
     </span>
     <span class='ocr_line' id='line_1_55' title="bbox 983 2951 1774 3024; baseline -0.004 -15"><span class='ocrx_word' id='word_1_382' title='bbox 983 2953 1071 3009; x_wconf 90' lang='lat' dir='ltr'><strong>cordis</strong></span> <span class='ocrx_word' id='word_1_383' title='bbox 1086 2951 1198 3018; x_wconf 84' lang='lat' dir='ltr'><strong>allecto,</strong></span> <span class='ocrx_word' id='word_1_384' title='bbox 1220 2961 1249 3007; x_wconf 90' lang='lat' dir='ltr'><strong>nt</strong></span> <span class='ocrx_word' id='word_1_385' title='bbox 1271 2952 1337 3007; x_wconf 81' lang='lat' dir='ltr'><strong>nihil</strong></span> <span class='ocrx_word' id='word_1_386' title='bbox 1358 2951 1484 3024; x_wconf 79' lang='lat' dir='ltr'><strong>cogitatio</strong></span> <span class='ocrx_word' id='word_1_387' title='bbox 1499 2952 1774 3023; x_wconf 83' lang='lat' dir='ltr'><strong>adrcrsa&#39;suhripiat,</strong></span> 
     </span>
    </p>
   </div>
   <div class='ocr_carea' id='block_1_15' title="bbox 140 3031 1786 4764">
    <p class='ocr_par' dir='ltr' id='par_1_16' title="bbox 140 3031 1786 4764">
     <span class='ocr_line' id='line_1_56' title="bbox 140 3031 1774 3114; baseline -0.005 -22"><span class='ocrx_word' id='word_1_388' title='bbox 140 3037 242 3092; x_wconf 88' lang='lat' dir='ltr'><strong>tatione</strong></span> <span class='ocrx_word' id='word_1_389' title='bbox 261 3035 401 3106; x_wconf 75' lang='lat' dir='ltr'><strong>gandetum</strong></span> <span class='ocrx_word' id='word_1_390' title='bbox 427 3032 530 3108; x_wconf 84' lang='lat' dir='ltr'><strong>Laudat</strong></span> <span class='ocrx_word' id='word_1_391' title='bbox 554 3034 626 3089; x_wconf 91' lang='lat' dir='ltr'><strong>enlm</strong></span> <span class='ocrx_word' id='word_1_392' title='bbox 651 3033 791 3090; x_wconf 83' lang='lat' dir='ltr'><strong>bominum</strong></span> <span class='ocrx_word' id='word_1_393' title='bbox 817 3031 932 3104; x_wconf 91' lang='lat' dir='ltr'><strong>populos</strong></span> <span class='ocrx_word' id='word_1_394' title='bbox 985 3060 1035 3100; x_wconf 68' lang='lat'><strong>„00</strong></span> <span class='ocrx_word' id='word_1_395' title='bbox 1056 3035 1221 3113; x_wconf 62' lang='lat' dir='ltr'><strong>splendidam</strong></span> <span class='ocrx_word' id='word_1_396' title='bbox 1245 3042 1416 3114; x_wconf 61' lang='lat' dir='ltr'><strong>luctumque</strong></span> <span class='ocrx_word' id='word_1_397' title='bbox 1442 3052 1558 3099; x_wconf 91' lang='lat' dir='ltr'><strong>mentem</strong></span> <span class='ocrx_word' id='word_1_398' title='bbox 1579 3040 1713 3098; x_wconf 56' lang='lat' dir='ltr'><strong>asinorum</strong></span> <span class='ocrx_word' id='word_1_399' title='bbox 1733 3041 1774 3099; x_wconf 58' lang='grc' dir='ltr'><strong>ἡ.</strong></span> 
     </span>
     <span class='ocr_line' id='line_1_57' title="bbox 142 3124 1775 3208; baseline -0.002 -15"><span class='ocrx_word' id='word_1_400' title='bbox 142 3141 216 3193; x_wconf 64' lang='grc' dir='ltr'><strong>ἓῑῑῦδ,</strong></span> <span class='ocrx_word' id='word_1_401' title='bbox 233 3127 277 3196; x_wconf 66' lang='lat' dir='ltr'><strong>‘lul</strong></span> <span class='ocrx_word' id='word_1_402' title='bbox 292 3140 306 3179; x_wconf 65' lang='grc' dir='ltr'><strong>«Ἰ</strong></span> <span class='ocrx_word' id='word_1_403' title='bbox 322 3125 413 3180; x_wconf 64' lang='lat' dir='ltr'><strong>mundi</strong></span> <span class='ocrx_word' id='word_1_404' title='bbox 437 3125 513 3180; x_wconf 88' lang='lat' dir='ltr'><strong>clade</strong></span> <span class='ocrx_word' id='word_1_405' title='bbox 536 3124 673 3192; x_wconf 62' lang='grc' dir='ltr'>Ῑῑῦθῑθῑϋίι</span> <span class='ocrx_word' id='word_1_406' title='bbox 699 3126 823 3181; x_wconf 59' lang='lat' dir='ltr'><strong>Vltimum</strong></span> <span class='ocrx_word' id='word_1_407' title='bbox 845 3128 930 3182; x_wconf 60' lang='lat' dir='ltr'><strong>&#39;¹⁰⁸⁰ss</strong></span> <span class='ocrx_word' id='word_1_408' title='bbox 943 3130 968 3195; x_wconf 85' lang='lat' dir='ltr'>C</span> <span class='ocrx_word' id='word_1_409' title='bbox 983 3138 1096 3194; x_wconf 88' lang='lat' dir='ltr'><strong>deantur</strong></span> <span class='ocrx_word' id='word_1_410' title='bbox 1111 3134 1215 3192; x_wconf 81' lang='lat' dir='ltr'><strong>fuscare</strong></span> <span class='ocrx_word' id='word_1_411' title='bbox 1228 3137 1373 3208; x_wconf 81' lang='lat' dir='ltr'><strong>praestigia.</strong></span> <span class='ocrx_word' id='word_1_412' title='bbox 1385 3132 1521 3204; x_wconf 76' lang='lat' dir='ltr'><strong>cenatur,</strong></span> <span class='ocrx_word' id='word_1_413' title='bbox 1533 3137 1559 3190; x_wconf 88' lang='lat' dir='ltr'><strong>itt</strong></span> <span class='ocrx_word' id='word_1_414' title='bbox 1571 3133 1683 3199; x_wconf 81' lang='lat' dir='ltr'><strong>consilio</strong></span> <span class='ocrx_word' id='word_1_415' title='bbox 1692 3135 1775 3200; x_wconf 73' lang='lat' dir='ltr'><strong>insto</strong></span> 
     </span>
     <span class='ocr_line' id='line_1_58' title="bbox 141 3220 1775 3301; baseline 0.002 -22"><span class='ocrx_word' id='word_1_416' title='bbox 141 3225 275 3279; x_wconf 89' lang='lat' dir='ltr'><strong>sustinere</strong></span> <span class='ocrx_word' id='word_1_417' title='bbox 290 3224 439 3278; x_wconf 82' lang='lat' dir='ltr'><strong>seruitium.</strong></span> <span class='ocrx_word' id='word_1_418' title='bbox 455 3221 520 3289; x_wconf 80' lang='lat' dir='ltr'><strong>Qua</strong></span> <span class='ocrx_word' id='word_1_419' title='bbox 533 3223 591 3277; x_wconf 87' lang='lat' dir='ltr'><strong>laus</strong></span> <span class='ocrx_word' id='word_1_420' title='bbox 605 3221 701 3277; x_wconf 82' lang='lat' dir='ltr'><strong>loturae</strong></span> <span class='ocrx_word' id='word_1_421' title='bbox 717 3221 827 3292; x_wconf 84' lang='lat' dir='ltr'><strong>ltguram</strong></span> <span class='ocrx_word' id='word_1_422' title='bbox 844 3224 932 3278; x_wconf 91' lang='lat' dir='ltr'><strong>nosci-</strong></span> <span class='ocrx_word' id='word_1_423' title='bbox 982 3247 1039 3284; x_wconf 75' lang='lat' dir='ltr'><strong>rnna</strong></span> <span class='ocrx_word' id='word_1_424' title='bbox 1053 3238 1077 3283; x_wconf 80' lang='lat' dir='ltr'><strong>et</strong></span> <span class='ocrx_word' id='word_1_425' title='bbox 1090 3229 1292 3298; x_wconf 74' lang='lat' dir='ltr'><strong>congregatione.</strong></span> <span class='ocrx_word' id='word_1_426' title='bbox 1313 3226 1341 3283; x_wconf 88' lang='lat' dir='ltr'><strong>Si</strong></span> <span class='ocrx_word' id='word_1_427' title='bbox 1362 3220 1499 3281; x_wconf 78' lang='lat' dir='ltr'><strong>consiliaria</strong></span> <span class='ocrx_word' id='word_1_428' title='bbox 1513 3222 1646 3301; x_wconf 77' lang='lat' dir='ltr'><strong>justornm</strong></span> <span class='ocrx_word' id='word_1_429' title='bbox 1667 3236 1692 3282; x_wconf 87' lang='lat' dir='ltr'><strong>et</strong></span> <span class='ocrx_word' id='word_1_430' title='bbox 1711 3227 1775 3282; x_wconf 75' lang='grc' dir='ltr'>ιιι-</span> 
     </span>
     <span class='ocr_line' id='line_1_59' title="bbox 142 3313 1777 3397; baseline 0.002 -26"><span class='ocrx_word' id='word_1_431' title='bbox 142 3329 185 3371; x_wconf 93' lang='lat' dir='ltr'><strong>tur</strong></span> <span class='ocrx_word' id='word_1_432' title='bbox 205 3328 313 3385; x_wconf 89' lang='lat' dir='ltr'><strong>portare</strong></span> <span class='ocrx_word' id='word_1_433' title='bbox 337 3316 453 3382; x_wconf 87' lang='lat' dir='ltr'><strong>lactitiae,</strong></span> <span class='ocrx_word' id='word_1_434' title='bbox 477 3313 521 3397; x_wconf 82' lang='lat' dir='ltr'><strong>ubi</strong></span> <span class='ocrx_word' id='word_1_435' title='bbox 544 3316 670 3370; x_wconf 84' lang='lat' dir='ltr'><strong>Dominus</strong></span> <span class='ocrx_word' id='word_1_436' title='bbox 693 3333 706 3366; x_wconf 87' lang='lat' dir='ltr'><strong>a</strong></span> <span class='ocrx_word' id='word_1_437' title='bbox 731 3315 854 3370; x_wconf 78' lang='lat' dir='ltr'><strong>fidelibus</strong></span> <span class='ocrx_word' id='word_1_438' title='bbox 876 3319 931 3374; x_wconf 93' lang='lat' dir='ltr'><strong>suis</strong></span> <span class='ocrx_word' id='word_1_439' title='bbox 982 3320 1154 3392; x_wconf 66' lang='lat' dir='ltr'><strong>precationem</strong></span> <span class='ocrx_word' id='word_1_440' title='bbox 1180 3319 1223 3374; x_wconf 91' lang='lat' dir='ltr'><strong>hic</strong></span> <span class='ocrx_word' id='word_1_441' title='bbox 1249 3319 1315 3375; x_wconf 84' lang='lat' dir='ltr'><strong>retis</strong></span> <span class='ocrx_word' id='word_1_442' title='bbox 1340 3319 1513 3386; x_wconf 64' lang='lat' dir='ltr'><strong>extruirere,</strong></span> <span class='ocrx_word' id='word_1_443' title='bbox 1531 3318 1642 3374; x_wconf 84' lang='lat' dir='ltr'><strong>ornttino</strong></span> <span class='ocrx_word' id='word_1_444' title='bbox 1667 3316 1777 3377; x_wconf 78' lang='lat' dir='ltr'><strong>videtur</strong></span> 
     </span>
     <span class='ocr_line' id='line_1_60' title="bbox 142 3392 1776 3480; baseline 0.001 -15"><span class='ocrx_word' id='word_1_445' title='bbox 142 3410 191 3465; x_wconf 89' lang='lat' dir='ltr'><strong>abs</strong></span> <span class='ocrx_word' id='word_1_446' title='bbox 202 3425 244 3480; x_wconf 77' lang='lat' dir='ltr'><strong>pte</strong></span> <span class='ocrx_word' id='word_1_447' title='bbox 264 3392 463 3464; x_wconf 72' lang='lat' dir='ltr'><strong>intermissione</strong></span> <span class='ocrx_word' id='word_1_448' title='bbox 481 3408 643 3478; x_wconf 81' lang='lat' dir='ltr'><strong>conspicitur</strong></span> <span class='ocrx_word' id='word_1_449' title='bbox 656 3417 684 3464; x_wconf 90' lang='lat' dir='ltr'><strong>et</strong></span> <span class='ocrx_word' id='word_1_450' title='bbox 698 3406 758 3463; x_wconf 88' lang='lat' dir='ltr'><strong>sine</strong></span> <span class='ocrx_word' id='word_1_451' title='bbox 771 3398 824 3464; x_wconf 76' lang='lat' dir='ltr'><strong>due</strong></span> <span class='ocrx_word' id='word_1_452' title='bbox 841 3407 932 3464; x_wconf 85' lang='lat' dir='ltr'><strong>lauda-</strong></span> <span class='ocrx_word' id='word_1_453' title='bbox 983 3408 1093 3465; x_wconf 81' lang='lat' dir='ltr'><strong>dilsteile</strong></span> <span class='ocrx_word' id='word_1_454' title='bbox 1109 3417 1138 3463; x_wconf 93' lang='lat' dir='ltr'><strong>ut</strong></span> <span class='ocrx_word' id='word_1_455' title='bbox 1151 3410 1177 3463; x_wconf 90' lang='lat' dir='ltr'><strong>iu</strong></span> <span class='ocrx_word' id='word_1_456' title='bbox 1193 3411 1243 3464; x_wconf 92' lang='lat' dir='ltr'><strong>boc</strong></span> <span class='ocrx_word' id='word_1_457' title='bbox 1254 3409 1354 3464; x_wconf 73' lang='lat' dir='ltr'><strong>secato</strong></span> <span class='ocrx_word' id='word_1_458' title='bbox 1365 3409 1465 3465; x_wconf 90' lang='lat' dir='ltr'><strong>electos</strong></span> <span class='ocrx_word' id='word_1_459' title='bbox 1478 3425 1571 3466; x_wconf 90' lang='lat' dir='ltr'><strong>onmes</strong></span> <span class='ocrx_word' id='word_1_460' title='bbox 1584 3410 1776 3478; x_wconf 62' lang='lat' dir='ltr'><strong>triventinam</strong></span> 
     </span>
     <span class='ocr_line' id='line_1_61' title="bbox 142 3500 1777 3574; baseline 0.003 -19"><span class='ocrx_word' id='word_1_461' title='bbox 142 3514 195 3566; x_wconf 90' lang='lat' dir='ltr'><strong>tur,</strong></span> <span class='ocrx_word' id='word_1_462' title='bbox 212 3504 282 3555; x_wconf 88' lang='lat' dir='ltr'><strong>sicut</strong></span> <span class='ocrx_word' id='word_1_463' title='bbox 300 3501 326 3555; x_wconf 91' lang='lat' dir='ltr'><strong>in</strong></span> <span class='ocrx_word' id='word_1_464' title='bbox 344 3501 397 3556; x_wconf 85' lang='lat' dir='ltr'><strong>alio</strong></span> <span class='ocrx_word' id='word_1_465' title='bbox 413 3500 516 3567; x_wconf 85' lang='lat' dir='ltr'><strong>psalmo</strong></span> <span class='ocrx_word' id='word_1_466' title='bbox 537 3500 633 3570; x_wconf 84' lang='lat' dir='ltr'><strong>legitur</strong></span> <span class='ocrx_word' id='word_1_467' title='bbox 648 3518 655 3555; x_wconf 81' lang='grc' dir='ltr'><strong>ι</strong></span> <span class='ocrx_word' id='word_1_468' title='bbox 673 3501 745 3555; x_wconf 86' lang='lat' dir='ltr'><strong>Beati</strong></span> <span class='ocrx_word' id='word_1_469' title='bbox 760 3502 804 3570; x_wconf 86' lang='lat' dir='ltr'><strong>pni</strong></span> <span class='ocrx_word' id='word_1_470' title='bbox 818 3501 932 3555; x_wconf 84' lang='lat' dir='ltr'><strong>habitant</strong></span> <span class='ocrx_word' id='word_1_471' title='bbox 984 3502 1104 3558; x_wconf 84' lang='lat' dir='ltr'><strong>Ecclesia</strong></span> <span class='ocrx_word' id='word_1_472' title='bbox 1127 3502 1306 3572; x_wconf 81' lang='lat' dir='ltr'><strong>permixtione</strong></span> <span class='ocrx_word' id='word_1_473' title='bbox 1332 3502 1465 3557; x_wconf 90' lang='lat' dir='ltr'><strong>bonorum</strong></span> <span class='ocrx_word' id='word_1_474' title='bbox 1490 3503 1677 3574; x_wconf 84' lang='lat' dir='ltr'><strong>ntalorumquc</strong></span> <span class='ocrx_word' id='word_1_475' title='bbox 1697 3518 1777 3565; x_wconf 80' lang='lat' dir='ltr'><strong>cont·</strong></span> 
     </span>
     <span class='ocr_line' id='line_1_62' title="bbox 142 3577 1779 3665; baseline 0.005 -21"><span class='ocrx_word' id='word_1_476' title='bbox 142 3593 169 3644; x_wconf 87' lang='lat' dir='ltr'><strong>ia</strong></span> <span class='ocrx_word' id='word_1_477' title='bbox 182 3591 257 3644; x_wconf 81' lang='lat' dir='ltr'><strong>donia</strong></span> <span class='ocrx_word' id='word_1_478' title='bbox 270 3600 313 3644; x_wconf 87' lang='lat' dir='ltr'><strong>ttta</strong></span> <span class='ocrx_word' id='word_1_479' title='bbox 327 3607 337 3645; x_wconf 89' lang='lat'><em>:</em></span> <span class='ocrx_word' id='word_1_480' title='bbox 350 3589 482 3646; x_wconf 79' lang='lat' dir='ltr'><strong>insaecula</strong></span> <span class='ocrx_word' id='word_1_481' title='bbox 494 3592 644 3645; x_wconf 81' lang='lat' dir='ltr'><strong>saeclorum</strong></span> <span class='ocrx_word' id='word_1_482' title='bbox 656 3591 798 3646; x_wconf 83' lang='lat' dir='ltr'><strong>laudabunt</strong></span> <span class='ocrx_word' id='word_1_483' title='bbox 813 3589 930 3664; x_wconf 75' lang='lat' dir='ltr'><strong>tell’ral.</strong></span> <span class='ocrx_word' id='word_1_484' title='bbox 984 3594 1054 3665; x_wconf 88' lang='lat' dir='ltr'><strong>pleta</strong></span> <span class='ocrx_word' id='word_1_485' title='bbox 1076 3603 1129 3651; x_wconf 86' lang='lat' dir='ltr'><strong>est.</strong></span> <span class='ocrx_word' id='word_1_486' title='bbox 1152 3586 1204 3648; x_wconf 82' lang='lat' dir='ltr'><strong>Sed</strong></span> <span class='ocrx_word' id='word_1_487' title='bbox 1231 3596 1274 3661; x_wconf 79' lang='lat' dir='ltr'><strong>oui</strong></span> <span class='ocrx_word' id='word_1_488' title='bbox 1299 3595 1341 3648; x_wconf 92' lang='lat' dir='ltr'><strong>hic</strong></span> <span class='ocrx_word' id='word_1_489' title='bbox 1365 3603 1417 3648; x_wconf 89' lang='lat' dir='ltr'><strong>toto</strong></span> <span class='ocrx_word' id='word_1_490' title='bbox 1441 3596 1518 3648; x_wconf 81' lang='lat' dir='ltr'><strong>cortic</strong></span> <span class='ocrx_word' id='word_1_491' title='bbox 1539 3577 1702 3665; x_wconf 72' lang='lat' dir='ltr'><strong>confitenter,</strong></span> <span class='ocrx_word' id='word_1_492' title='bbox 1723 3595 1779 3664; x_wconf 79' lang='lat' dir='ltr'><strong>jara</strong></span> 
     </span>
     <span class='ocr_line' id='line_1_63' title="bbox 143 3680 1779 3761; baseline 0.004 -24"><span class='ocrx_word' id='word_1_493' title='bbox 143 3698 253 3751; x_wconf 83' lang='grc' dir='ltr'>ιιιιιιι,</span> <span class='ocrx_word' id='word_1_494' title='bbox 273 3682 313 3747; x_wconf 79' lang='grc'><strong>5).</strong></span> <span class='ocrx_word' id='word_1_495' title='bbox 341 3683 387 3736; x_wconf 85' lang='grc' dir='ltr'><strong>Ειι</strong></span> <span class='ocrx_word' id='word_1_496' title='bbox 408 3681 488 3737; x_wconf 82' lang='grc' dir='ltr'>ιιίιιι</span> <span class='ocrx_word' id='word_1_497' title='bbox 511 3683 629 3752; x_wconf 89' lang='lat' dir='ltr'><strong>psalmus</strong></span> <span class='ocrx_word' id='word_1_498' title='bbox 650 3680 789 3761; x_wconf 73' lang='lat' dir='ltr'><strong>isteapud</strong></span> <span class='ocrx_word' id='word_1_499' title='bbox 807 3682 933 3739; x_wconf 85' lang='lat' dir='ltr'><strong>llebraeos</strong></span> <span class='ocrx_word' id='word_1_500' title='bbox 983 3687 1105 3743; x_wconf 78' lang='lat' dir='ltr'><strong>vitientur</strong></span> <span class='ocrx_word' id='word_1_501' title='bbox 1117 3688 1143 3740; x_wconf 88' lang='lat' dir='ltr'><strong>in</strong></span> <span class='ocrx_word' id='word_1_502' title='bbox 1155 3688 1200 3742; x_wconf 89' lang='lat' dir='ltr'><strong>illa</strong></span> <span class='ocrx_word' id='word_1_503' title='bbox 1214 3689 1408 3759; x_wconf 72' lang='lat' dir='ltr'><strong>congregatione</strong></span> <span class='ocrx_word' id='word_1_504' title='bbox 1420 3691 1551 3758; x_wconf 82' lang='lat' dir='ltr'><strong>justornm</strong></span> <span class='ocrx_word' id='word_1_505' title='bbox 1562 3688 1688 3756; x_wconf 84' lang='lat' dir='ltr'><strong>psallere,</strong></span> <span class='ocrx_word' id='word_1_506' title='bbox 1697 3703 1779 3760; x_wconf 83' lang='lat' dir='ltr'><strong>naam</strong></span> 
     </span>
     <span class='ocr_line' id='line_1_64' title="bbox 142 3773 1779 3860; baseline 0.005 -33"><span class='ocrx_word' id='word_1_507' title='bbox 142 3773 277 3841; x_wconf 86' lang='lat' dir='ltr'><strong>alpltabeti</strong></span> <span class='ocrx_word' id='word_1_508' title='bbox 294 3773 389 3829; x_wconf 89' lang='lat' dir='ltr'><strong>ordine</strong></span> <span class='ocrx_word' id='word_1_509' title='bbox 409 3774 562 3860; x_wconf 75' lang='lat' dir='ltr'><strong>decoratus,</strong></span> <span class='ocrx_word' id='word_1_510' title='bbox 578 3775 622 3844; x_wconf 83' lang='lat' dir='ltr'><strong>qui</strong></span> <span class='ocrx_word' id='word_1_511' title='bbox 642 3790 691 3846; x_wconf 91' lang='lat' dir='ltr'><strong>per</strong></span> <span class='ocrx_word' id='word_1_512' title='bbox 709 3776 796 3845; x_wconf 89' lang='lat' dir='ltr'><strong>capita</strong></span> <span class='ocrx_word' id='word_1_513' title='bbox 816 3790 934 3830; x_wconf 83' lang='lat' dir='ltr'><strong>caiuma·</strong></span> <span class='ocrx_word' id='word_1_514' title='bbox 984 3778 1017 3833; x_wconf 89' lang='lat' dir='ltr'><strong>de</strong></span> <span class='ocrx_word' id='word_1_515' title='bbox 1031 3779 1133 3832; x_wconf 89' lang='lat' dir='ltr'><strong>cunctis</strong></span> <span class='ocrx_word' id='word_1_516' title='bbox 1147 3779 1273 3848; x_wconf 85' lang='lat' dir='ltr'><strong>gentihus</strong></span> <span class='ocrx_word' id='word_1_517' title='bbox 1294 3780 1319 3833; x_wconf 92' lang='lat' dir='ltr'><strong>iu</strong></span> <span class='ocrx_word' id='word_1_518' title='bbox 1338 3779 1454 3835; x_wconf 83' lang='lat' dir='ltr'><strong>iutitmm</strong></span> <span class='ocrx_word' id='word_1_519' title='bbox 1477 3778 1647 3835; x_wconf 84' lang='lat' dir='ltr'><strong>ntaniiestum</strong></span> <span class='ocrx_word' id='word_1_520' title='bbox 1664 3789 1708 3836; x_wconf 88' lang='lat' dir='ltr'><strong>est</strong></span> <span class='ocrx_word' id='word_1_521' title='bbox 1728 3780 1779 3836; x_wconf 82' lang='lat' dir='ltr'><strong>llo·</strong></span> 
     </span>
     <span class='ocr_line' id='line_1_65' title="bbox 144 3854 1778 3941; baseline 0.007 -24"><span class='ocrx_word' id='word_1_522' title='bbox 144 3875 200 3918; x_wconf 83' lang='lat' dir='ltr'><strong>rutu</strong></span> <span class='ocrx_word' id='word_1_523' title='bbox 225 3866 282 3920; x_wconf 87' lang='lat' dir='ltr'><strong>sive</strong></span> <span class='ocrx_word' id='word_1_524' title='bbox 297 3865 458 3920; x_wconf 85' lang='lat' dir='ltr'><strong>dirisiouum</strong></span> <span class='ocrx_word' id='word_1_525' title='bbox 474 3867 577 3936; x_wconf 86' lang='lat' dir='ltr'><strong>primas</strong></span> <span class='ocrx_word' id='word_1_526' title='bbox 596 3857 699 3922; x_wconf 80' lang='lat' dir='ltr'><strong>curretis</strong></span> <span class='ocrx_word' id='word_1_527' title='bbox 713 3866 809 3921; x_wconf 88' lang='lat' dir='ltr'><strong>litteris</strong></span> <span class='ocrx_word' id='word_1_528' title='bbox 821 3867 933 3921; x_wconf 87' lang='lat' dir='ltr'><strong>adnata·</strong></span> <span class='ocrx_word' id='word_1_529' title='bbox 985 3872 1085 3927; x_wconf 89' lang='lat' dir='ltr'><strong>minum</strong></span> <span class='ocrx_word' id='word_1_530' title='bbox 1111 3854 1285 3941; x_wconf 78' lang='lat' dir='ltr'><strong>congregare.</strong></span> <span class='ocrx_word' id='word_1_531' title='bbox 1312 3871 1345 3925; x_wconf 85' lang='grc' dir='ltr'><strong>Ει</strong></span> <span class='ocrx_word' id='word_1_532' title='bbox 1371 3872 1511 3927; x_wconf 87' lang='lat' dir='ltr'><strong>rideamus</strong></span> <span class='ocrx_word' id='word_1_533' title='bbox 1533 3872 1595 3941; x_wconf 83' lang='lat' dir='ltr'><strong>quid</strong></span> <span class='ocrx_word' id='word_1_534' title='bbox 1621 3870 1703 3928; x_wconf 87' lang='lat' dir='ltr'><strong>nobis</strong></span> <span class='ocrx_word' id='word_1_535' title='bbox 1725 3872 1778 3930; x_wconf 84' lang='lat' dir='ltr'><strong>ista</strong></span> 
     </span>
     <span class='ocr_line' id='line_1_66' title="bbox 144 3956 1781 4035; baseline 0.004 -22"><span class='ocrx_word' id='word_1_536' title='bbox 144 3968 187 4013; x_wconf 91' lang='lat' dir='ltr'><strong>tur</strong></span> <span class='ocrx_word' id='word_1_537' title='bbox 202 3976 209 4013; x_wconf 90' lang='lat'><strong>:</strong></span> <span class='ocrx_word' id='word_1_538' title='bbox 224 3958 285 4015; x_wconf 88' lang='lat' dir='ltr'><strong>illos</strong></span> <span class='ocrx_word' id='word_1_539' title='bbox 309 3960 386 4016; x_wconf 82' lang='lat' dir='ltr'><strong>nobis</strong></span> <span class='ocrx_word' id='word_1_540' title='bbox 407 3957 496 4029; x_wconf 82' lang='lat' dir='ltr'><strong>justos</strong></span> <span class='ocrx_word' id='word_1_541' title='bbox 514 3960 646 4027; x_wconf 88' lang='lat' dir='ltr'><strong>indicans,</strong></span> <span class='ocrx_word' id='word_1_542' title='bbox 662 3958 706 4028; x_wconf 83' lang='lat' dir='ltr'><strong>nui</strong></span> <span class='ocrx_word' id='word_1_543' title='bbox 730 3960 829 4033; x_wconf 83' lang='lat' dir='ltr'><strong>(lirina</strong></span> <span class='ocrx_word' id='word_1_544' title='bbox 848 3960 932 4031; x_wconf 81' lang='lat' dir='ltr'><strong>gratia</strong></span> <span class='ocrx_word' id='word_1_545' title='bbox 984 3965 1065 4021; x_wconf 85' lang='lat' dir='ltr'><strong>verba</strong></span> <span class='ocrx_word' id='word_1_546' title='bbox 1088 3956 1256 4019; x_wconf 85' lang='lat' dir='ltr'><strong>denuntient.</strong></span> <span class='ocrx_word' id='word_1_547' title='bbox 1280 3962 1420 4018; x_wconf 77' lang='lat' dir='ltr'><strong>Consiliator</strong></span> <span class='ocrx_word' id='word_1_548' title='bbox 1440 3963 1572 4035; x_wconf 76' lang='lat' dir='ltr'><strong>justornm</strong></span> <span class='ocrx_word' id='word_1_549' title='bbox 1594 3973 1647 4030; x_wconf 88' lang='lat' dir='ltr'><strong>est,</strong></span> <span class='ocrx_word' id='word_1_550' title='bbox 1673 3962 1781 4035; x_wconf 82' lang='lat' dir='ltr'><strong>giraudo</strong></span> 
     </span>
     <span class='ocr_line' id='line_1_67' title="bbox 144 4049 1781 4125; baseline -0.003 -20"><span class='ocrx_word' id='word_1_551' title='bbox 144 4049 289 4122; x_wconf 83' lang='lat' dir='ltr'><strong>tribuente)</strong></span> <span class='ocrx_word' id='word_1_552' title='bbox 304 4052 428 4121; x_wconf 86' lang='lat' dir='ltr'><strong>perlectis</strong></span> <span class='ocrx_word' id='word_1_553' title='bbox 444 4052 587 4108; x_wconf 86' lang='lat' dir='ltr'><strong>virtutibus</strong></span> <span class='ocrx_word' id='word_1_554' title='bbox 603 4053 767 4107; x_wconf 86' lang='lat' dir='ltr'><strong>elucescunt.</strong></span> <span class='ocrx_word' id='word_1_555' title='bbox 783 4051 848 4105; x_wconf 84' lang='lat' dir='ltr'><strong>llam</strong></span> <span class='ocrx_word' id='word_1_556' title='bbox 864 4050 933 4106; x_wconf 84' lang='lat' dir='ltr'><strong>sit-nt</strong></span> <span class='ocrx_word' id='word_1_557' title='bbox 984 4056 1055 4112; x_wconf 88' lang='lat' dir='ltr'><strong>beati</strong></span> <span class='ocrx_word' id='word_1_558' title='bbox 1079 4069 1139 4110; x_wconf 89' lang='lat' dir='ltr'><strong>cum</strong></span> <span class='ocrx_word' id='word_1_559' title='bbox 1167 4053 1280 4109; x_wconf 84' lang='lat' dir='ltr'><strong>Domino</strong></span> <span class='ocrx_word' id='word_1_560' title='bbox 1302 4053 1507 4125; x_wconf 85' lang='lat' dir='ltr'><strong>¹resurrectionis</strong></span> <span class='ocrx_word' id='word_1_561' title='bbox 1534 4064 1656 4125; x_wconf 91' lang='lat' dir='ltr'><strong>tempore</strong></span> <span class='ocrx_word' id='word_1_562' title='bbox 1675 4053 1781 4124; x_wconf 68' lang='lat' dir='ltr'><strong>indta..</strong></span> 
     </span>
     <span class='ocr_line' id='line_1_68' title="bbox 144 4140 1781 4214; baseline 0.001 -16"><span class='ocrx_word' id='word_1_563' title='bbox 144 4143 298 4212; x_wconf 82' lang='lat' dir='ltr'><strong>superiores</strong></span> <span class='ocrx_word' id='word_1_564' title='bbox 313 4143 406 4212; x_wconf 80' lang='lat' dir='ltr'><strong>palm</strong></span> <span class='ocrx_word' id='word_1_565' title='bbox 420 4143 611 4213; x_wconf 84' lang='lat' dir='ltr'><strong>alphabetodes</strong></span> <span class='ocrx_word' id='word_1_566' title='bbox 624 4143 751 4214; x_wconf 84' lang='lat' dir='ltr'><strong>quasdam</strong></span> <span class='ocrx_word' id='word_1_567' title='bbox 768 4143 869 4198; x_wconf 88' lang='lat' dir='ltr'><strong>litteras</strong></span> <span class='ocrx_word' id='word_1_568' title='bbox 885 4142 934 4198; x_wconf 90' lang='lat' dir='ltr'><strong>nti·</strong></span> <span class='ocrx_word' id='word_1_569' title='bbox 984 4147 1060 4214; x_wconf 89' lang='lat' dir='ltr'><strong>hunt,</strong></span> <span class='ocrx_word' id='word_1_570' title='bbox 1076 4144 1146 4200; x_wconf 89' lang='lat' dir='ltr'><strong>sieut</strong></span> <span class='ocrx_word' id='word_1_571' title='bbox 1170 4140 1196 4199; x_wconf 89' lang='lat' dir='ltr'><strong>in</strong></span> <span class='ocrx_word' id='word_1_572' title='bbox 1222 4144 1308 4214; x_wconf 88' lang='lat' dir='ltr'><strong>primo</strong></span> <span class='ocrx_word' id='word_1_573' title='bbox 1334 4145 1437 4211; x_wconf 84' lang='lat' dir='ltr'><strong>psalmo</strong></span> <span class='ocrx_word' id='word_1_574' title='bbox 1458 4145 1635 4202; x_wconf 80' lang='lat' dir='ltr'><strong>dictumest:</strong></span> <span class='ocrx_word' id='word_1_575' title='bbox 1652 4144 1717 4201; x_wconf 84' lang='lat' dir='ltr'><strong>ldeo</strong></span> <span class='ocrx_word' id='word_1_576' title='bbox 1730 4161 1781 4200; x_wconf 82' lang='lat' dir='ltr'><strong>nott</strong></span> 
     </span>
     <span class='ocr_line' id='line_1_69' title="bbox 144 4232 1781 4306; baseline 0.001 -20"><span class='ocrx_word' id='word_1_577' title='bbox 144 4247 196 4287; x_wconf 90' lang='lat' dir='ltr'><strong>nus</strong></span> <span class='ocrx_word' id='word_1_578' title='bbox 209 4233 348 4298; x_wconf 84' lang='lat' dir='ltr'><strong>habentes,</strong></span> <span class='ocrx_word' id='word_1_579' title='bbox 363 4234 422 4289; x_wconf 88' lang='lat' dir='ltr'><strong>illos</strong></span> <span class='ocrx_word' id='word_1_580' title='bbox 437 4234 580 4304; x_wconf 87' lang='lat' dir='ltr'><strong>designant</strong></span> <span class='ocrx_word' id='word_1_581' title='bbox 595 4234 639 4304; x_wconf 86' lang='lat' dir='ltr'><strong>qui</strong></span> <span class='ocrx_word' id='word_1_582' title='bbox 654 4250 706 4290; x_wconf 86' lang='lat' dir='ltr'><strong>non</strong></span> <span class='ocrx_word' id='word_1_583' title='bbox 721 4232 789 4289; x_wconf 87' lang='lat' dir='ltr'><strong>adeo</strong></span> <span class='ocrx_word' id='word_1_584' title='bbox 803 4232 935 4288; x_wconf 70' lang='lat' dir='ltr'><strong>universis</strong></span> <span class='ocrx_word' id='word_1_585' title='bbox 984 4243 1119 4306; x_wconf 81' lang='lat' dir='ltr'><strong>resurgant</strong></span> <span class='ocrx_word' id='word_1_586' title='bbox 1132 4234 1204 4303; x_wconf 86' lang='lat' dir='ltr'><strong>impii</strong></span> <span class='ocrx_word' id='word_1_587' title='bbox 1217 4236 1243 4288; x_wconf 90' lang='lat' dir='ltr'><strong>in</strong></span> <span class='ocrx_word' id='word_1_588' title='bbox 1254 4235 1364 4305; x_wconf 71' lang='lat' dir='ltr'><strong>iraditio,</strong></span> <span class='ocrx_word' id='word_1_589' title='bbox 1377 4251 1457 4304; x_wconf 82' lang='lat' dir='ltr'><strong>neque</strong></span> <span class='ocrx_word' id='word_1_590' title='bbox 1471 4244 1614 4302; x_wconf 84' lang='lat' dir='ltr'><strong>peccatores</strong></span> <span class='ocrx_word' id='word_1_591' title='bbox 1627 4234 1656 4288; x_wconf 89' lang='lat' dir='ltr'><strong>in</strong></span> <span class='ocrx_word' id='word_1_592' title='bbox 1670 4232 1781 4289; x_wconf 78' lang='lat' dir='ltr'><strong>consilis</strong></span> 
     </span>
     <span class='ocr_line' id='line_1_70' title="bbox 144 4315 1780 4405; baseline 0.003 -27"><span class='ocrx_word' id='word_1_593' title='bbox 144 4325 247 4380; x_wconf 88' lang='lat' dir='ltr'><strong>meritis</strong></span> <span class='ocrx_word' id='word_1_594' title='bbox 268 4327 360 4395; x_wconf 89' lang='lat' dir='ltr'><strong>repleti</strong></span> <span class='ocrx_word' id='word_1_595' title='bbox 382 4337 454 4392; x_wconf 86' lang='lat' dir='ltr'><strong>sunt,</strong></span> <span class='ocrx_word' id='word_1_596' title='bbox 477 4326 525 4381; x_wconf 89' lang='lat' dir='ltr'><strong>sed</strong></span> <span class='ocrx_word' id='word_1_597' title='bbox 546 4335 636 4381; x_wconf 77' lang='lat' dir='ltr'><strong>museo</strong></span> <span class='ocrx_word' id='word_1_598' title='bbox 660 4326 686 4382; x_wconf 94' lang='lat' dir='ltr'><strong>in</strong></span> <span class='ocrx_word' id='word_1_599' title='bbox 710 4336 803 4381; x_wconf 90' lang='lat' dir='ltr'><strong>sancto</strong></span> <span class='ocrx_word' id='word_1_600' title='bbox 818 4325 934 4381; x_wconf 89' lang='lat' dir='ltr'><strong>coneilio</strong></span> <span class='ocrx_word' id='word_1_601' title='bbox 982 4333 1110 4403; x_wconf 77' lang='lat' dir='ltr'><strong>justornm</strong></span> <span class='ocrx_word' id='word_1_602' title='bbox 1122 4325 1207 4405; x_wconf 84' lang='lat' dir='ltr'><strong>(Pral.</strong></span> <span class='ocrx_word' id='word_1_603' title='bbox 1220 4335 1239 4391; x_wconf 87' lang='lat' dir='ltr'><strong>t,</strong></span> <span class='ocrx_word' id='word_1_604' title='bbox 1253 4326 1292 4399; x_wconf 81' lang='lat'><strong>5).</strong></span> <span class='ocrx_word' id='word_1_605' title='bbox 1312 4315 1369 4383; x_wconf 72' lang='lat' dir='ltr'><strong>hoc</strong></span> <span class='ocrx_word' id='word_1_606' title='bbox 1383 4329 1453 4382; x_wconf 94' lang='lat' dir='ltr'><strong>enim</strong></span> <span class='ocrx_word' id='word_1_607' title='bbox 1468 4328 1493 4380; x_wconf 89' lang='lat' dir='ltr'><strong>in</strong></span> <span class='ocrx_word' id='word_1_608' title='bbox 1508 4326 1653 4396; x_wconf 78' lang='lat' dir='ltr'><strong>Evangelio</strong></span> <span class='ocrx_word' id='word_1_609' title='bbox 1667 4336 1780 4396; x_wconf 87' lang='lat' dir='ltr'><strong>aposto-</strong></span> 
     </span>
     <span class='ocr_line' id='line_1_71' title="bbox 145 4402 1780 4490; baseline 0.002 -21"><span class='ocrx_word' id='word_1_610' title='bbox 145 4415 267 4473; x_wconf 87' lang='lat' dir='ltr'><strong>habitare</strong></span> <span class='ocrx_word' id='word_1_611' title='bbox 282 4428 439 4487; x_wconf 87' lang='lat' dir='ltr'><strong>noscuntur,</strong></span> <span class='ocrx_word' id='word_1_612' title='bbox 463 4419 498 4472; x_wconf 89' lang='lat' dir='ltr'><strong>ita</strong></span> <span class='ocrx_word' id='word_1_613' title='bbox 509 4429 536 4474; x_wconf 91' lang='lat' dir='ltr'><strong>et</strong></span> <span class='ocrx_word' id='word_1_614' title='bbox 550 4419 603 4487; x_wconf 91' lang='lat' dir='ltr'><strong>isti,</strong></span> <span class='ocrx_word' id='word_1_615' title='bbox 616 4419 757 4489; x_wconf 90' lang='lat' dir='ltr'><strong>completis</strong></span> <span class='ocrx_word' id='word_1_616' title='bbox 770 4420 865 4474; x_wconf 89' lang='lat' dir='ltr'><strong>litteris</strong></span> <span class='ocrx_word' id='word_1_617' title='bbox 876 4434 934 4472; x_wconf 93' lang='lat' dir='ltr'><strong>om-</strong></span> <span class='ocrx_word' id='word_1_618' title='bbox 987 4421 1020 4476; x_wconf 89' lang='lat' dir='ltr'><strong>lis</strong></span> <span class='ocrx_word' id='word_1_619' title='bbox 1040 4430 1067 4476; x_wconf 91' lang='lat' dir='ltr'><strong>et</strong></span> <span class='ocrx_word' id='word_1_620' title='bbox 1080 4402 1186 4475; x_wconf 49' lang='lat' dir='ltr'><strong>&#39;sanctis</strong></span> <span class='ocrx_word' id='word_1_621' title='bbox 1201 4420 1256 4475; x_wconf 89' lang='lat' dir='ltr'><strong>suis</strong></span> <span class='ocrx_word' id='word_1_622' title='bbox 1271 4418 1423 4490; x_wconf 85' lang='lat' dir='ltr'><strong>specialiter</strong></span> <span class='ocrx_word' id='word_1_623' title='bbox 1441 4419 1567 4474; x_wconf 83' lang='lat' dir='ltr'><strong>hominus</strong></span> <span class='ocrx_word' id='word_1_624' title='bbox 1581 4420 1780 4489; x_wconf 86' lang='lat' dir='ltr'><strong>compromisit,</strong></span> 
     </span>
     <span class='ocr_line' id='line_1_72' title="bbox 145 4499 1785 4582; baseline 0.004 -22"><span class='ocrx_word' id='word_1_625' title='bbox 145 4505 234 4570; x_wconf 86' lang='lat' dir='ltr'><strong>nibus,</strong></span> <span class='ocrx_word' id='word_1_626' title='bbox 254 4508 438 4563; x_wconf 76' lang='lat' dir='ltr'><strong>excellentium</strong></span> <span class='ocrx_word' id='word_1_627' title='bbox 454 4509 547 4564; x_wconf 86' lang='lat' dir='ltr'><strong>merita</strong></span> <span class='ocrx_word' id='word_1_628' title='bbox 567 4511 691 4565; x_wconf 87' lang='lat' dir='ltr'><strong>ridentur</strong></span> <span class='ocrx_word' id='word_1_629' title='bbox 708 4503 826 4566; x_wconf 76' lang='lat' dir='ltr'><strong>indicare</strong></span> <span class='ocrx_word' id='word_1_630' title='bbox 844 4513 931 4580; x_wconf 88' lang='lat' dir='ltr'><strong>justo·</strong></span> <span class='ocrx_word' id='word_1_631' title='bbox 949 4499 1078 4567; x_wconf 76' lang='lat' dir='ltr'><strong>Dilicens</strong></span> <span class='ocrx_word' id='word_1_632' title='bbox 1100 4529 1107 4564; x_wconf 92' lang='lat'><strong>:</strong></span> <span class='ocrx_word' id='word_1_633' title='bbox 1131 4512 1259 4567; x_wconf 82' lang='lat' dir='ltr'><strong>sedebitis</strong></span> <span class='ocrx_word' id='word_1_634' title='bbox 1285 4526 1363 4575; x_wconf 84' lang='lat' dir='ltr'><strong>saper</strong></span> <span class='ocrx_word' id='word_1_635' title='bbox 1386 4510 1518 4564; x_wconf 77' lang='lat' dir='ltr'><strong>duodecim</strong></span> <span class='ocrx_word' id='word_1_636' title='bbox 1532 4509 1615 4574; x_wconf 87' lang='lat' dir='ltr'><strong>sedes,</strong></span> <span class='ocrx_word' id='word_1_637' title='bbox 1631 4510 1785 4582; x_wconf 78' lang='lat' dir='ltr'><strong>judicantes</strong></span> 
     </span>
     <span class='ocr_line' id='line_1_73' title="bbox 145 4590 1785 4674; baseline 0.002 -20"><span class='ocrx_word' id='word_1_638' title='bbox 145 4610 216 4654; x_wconf 86' lang='lat' dir='ltr'><strong>rum.</strong></span> <span class='ocrx_word' id='word_1_639' title='bbox 232 4597 279 4652; x_wconf 83' lang='lat' dir='ltr'><strong>Est</strong></span> <span class='ocrx_word' id='word_1_640' title='bbox 298 4608 325 4654; x_wconf 90' lang='lat' dir='ltr'><strong>et</strong></span> <span class='ocrx_word' id='word_1_641' title='bbox 345 4600 395 4654; x_wconf 91' lang='lat' dir='ltr'><strong>alia</strong></span> <span class='ocrx_word' id='word_1_642' title='bbox 408 4590 499 4669; x_wconf 79' lang='lat' dir='ltr'><strong>causa,</strong></span> <span class='ocrx_word' id='word_1_643' title='bbox 514 4609 542 4654; x_wconf 90' lang='lat' dir='ltr'><strong>ut</strong></span> <span class='ocrx_word' id='word_1_644' title='bbox 553 4600 633 4656; x_wconf 84' lang='lat' dir='ltr'><strong>Pater</strong></span> <span class='ocrx_word' id='word_1_645' title='bbox 650 4601 764 4656; x_wconf 87' lang='lat' dir='ltr'><strong>llilarius</strong></span> <span class='ocrx_word' id='word_1_646' title='bbox 777 4601 841 4656; x_wconf 89' lang='lat' dir='ltr'><strong>dicit</strong></span> <span class='ocrx_word' id='word_1_647' title='bbox 852 4600 934 4674; x_wconf 80' lang='grc' dir='ltr'>(Ριϊ</span> <span class='ocrx_word' id='word_1_648' title='bbox 988 4603 1124 4657; x_wconf 86' lang='lat' dir='ltr'><strong>duodecim</strong></span> <span class='ocrx_word' id='word_1_649' title='bbox 1146 4603 1226 4656; x_wconf 87' lang='lat' dir='ltr'><strong>tribur</strong></span> <span class='ocrx_word' id='word_1_650' title='bbox 1241 4601 1324 4655; x_wconf 84' lang='lat' dir='ltr'><strong>lsrael</strong></span> <span class='ocrx_word' id='word_1_651' title='bbox 1344 4600 1451 4670; x_wconf 83' lang='lat' dir='ltr'><strong>(llatth.</strong></span> <span class='ocrx_word' id='word_1_652' title='bbox 1467 4617 1523 4669; x_wconf 83' lang='lat' dir='ltr'><strong>xix,</strong></span> <span class='ocrx_word' id='word_1_653' title='bbox 1537 4601 1596 4673; x_wconf 70' lang='lat'><strong>28).</strong></span> <span class='ocrx_word' id='word_1_654' title='bbox 1610 4600 1785 4674; x_wconf 76' lang='lat' dir='ltr'><strong>Corrpregatio</strong></span> 
     </span>
     <span class='ocr_line' id='line_1_74' title="bbox 144 4687 1786 4764; baseline 0.002 -19"><span class='ocrx_word' id='word_1_655' title='bbox 144 4691 198 4761; x_wconf 79' lang='lat' dir='ltr'><strong>tog.</strong></span> <span class='ocrx_word' id='word_1_656' title='bbox 211 4687 431 4761; x_wconf 83' lang='lat' dir='ltr'><strong>inPsal.)‚pnsiti</strong></span> <span class='ocrx_word' id='word_1_657' title='bbox 442 4691 520 4762; x_wconf 82' lang='lat' dir='ltr'><strong>httjus</strong></span> <span class='ocrx_word' id='word_1_658' title='bbox 536 4691 670 4762; x_wconf 82' lang='lat' dir='ltr'><strong>alphabeti</strong></span> <span class='ocrx_word' id='word_1_659' title='bbox 681 4692 800 4748; x_wconf 86' lang='lat' dir='ltr'><strong>:Scimus</strong></span> <span class='ocrx_word' id='word_1_660' title='bbox 811 4695 933 4763; x_wconf 82' lang='lat' dir='ltr'><strong>parrulos</strong></span> <span class='ocrx_word' id='word_1_661' title='bbox 987 4709 1053 4749; x_wconf 79' lang='lat' dir='ltr'><strong>vero</strong></span> <span class='ocrx_word' id='word_1_662' title='bbox 1067 4694 1200 4764; x_wconf 74' lang='lat' dir='ltr'><strong>signifieat</strong></span> <span class='ocrx_word' id='word_1_663' title='bbox 1220 4694 1300 4748; x_wconf 87' lang='lat' dir='ltr'><strong>totius</strong></span> <span class='ocrx_word' id='word_1_664' title='bbox 1322 4693 1449 4749; x_wconf 74' lang='lat' dir='ltr'><strong>Ecclesia</strong></span> <span class='ocrx_word' id='word_1_665' title='bbox 1472 4695 1575 4748; x_wconf 82' lang='lat' dir='ltr'><strong>beatam</strong></span> <span class='ocrx_word' id='word_1_666' title='bbox 1591 4708 1732 4763; x_wconf 82' lang='lat' dir='ltr'><strong>coronam,</strong></span> <span class='ocrx_word' id='word_1_667' title='bbox 1748 4694 1786 4753; x_wconf 77' lang='lat' dir='ltr'><strong>de</strong></span> 
     </span>
    </p>
   </div>
   <div class='ocr_carea' id='block_1_16' title="bbox 143 4782 938 5769">
    <p class='ocr_par' dir='ltr' id='par_1_17' title="bbox 143 4782 938 5769">
     <span class='ocr_line' id='line_1_75' title="bbox 144 4782 932 4857; baseline 0.008 -20"><span class='ocrx_word' id='word_1_668' title='bbox 144 4792 173 4837; x_wconf 90' lang='lat' dir='ltr'><strong>et</strong></span> <span class='ocrx_word' id='word_1_669' title='bbox 188 4782 265 4838; x_wconf 87' lang='lat' dir='ltr'><strong>rmles</strong></span> <span class='ocrx_word' id='word_1_670' title='bbox 281 4801 327 4852; x_wconf 89' lang='lat' dir='ltr'><strong>per</strong></span> <span class='ocrx_word' id='word_1_671' title='bbox 342 4785 443 4841; x_wconf 88' lang='lat' dir='ltr'><strong>litteras</strong></span> <span class='ocrx_word' id='word_1_672' title='bbox 466 4785 577 4851; x_wconf 86' lang='lat' dir='ltr'><strong>erudiri,</strong></span> <span class='ocrx_word' id='word_1_673' title='bbox 593 4795 621 4841; x_wconf 87' lang='lat' dir='ltr'><strong>ut</strong></span> <span class='ocrx_word' id='word_1_674' title='bbox 644 4786 782 4855; x_wconf 71' lang='lat' dir='ltr'><strong>sapientire</strong></span> <span class='ocrx_word' id='word_1_675' title='bbox 803 4802 932 4857; x_wconf 68' lang='lat' dir='ltr'><strong>praccepta</strong></span> 
     </span>
     <span class='ocr_line' id='line_1_76' title="bbox 143 4874 933 4948; baseline 0.008 -21"><span class='ocrx_word' id='word_1_676' title='bbox 143 4876 321 4944; x_wconf 85' lang='lat' dir='ltr'><strong>conquirant;</strong></span> <span class='ocrx_word' id='word_1_677' title='bbox 337 4874 376 4932; x_wconf 89' lang='lat' dir='ltr'><strong>sic</strong></span> <span class='ocrx_word' id='word_1_678' title='bbox 391 4876 539 4946; x_wconf 87' lang='lat' dir='ltr'><strong>hujusmodi</strong></span> <span class='ocrx_word' id='word_1_679' title='bbox 555 4877 648 4947; x_wconf 80' lang='lat' dir='ltr'><strong>psalmi</strong></span> <span class='ocrx_word' id='word_1_680' title='bbox 666 4878 754 4947; x_wconf 75' lang='lat' dir='ltr'><strong>pteris</strong></span> <span class='ocrx_word' id='word_1_681' title='bbox 767 4888 793 4933; x_wconf 91' lang='lat' dir='ltr'><strong>et</strong></span> <span class='ocrx_word' id='word_1_682' title='bbox 806 4879 933 4948; x_wconf 82' lang='lat' dir='ltr'><strong>incipieu·</strong></span> 
     </span>
     <span class='ocr_line' id='line_1_77' title="bbox 144 4963 933 5040; baseline 0.011 -22"><span class='ocrx_word' id='word_1_683' title='bbox 144 4963 217 5020; x_wconf 88' lang='lat' dir='ltr'><strong>tibus</strong></span> <span class='ocrx_word' id='word_1_684' title='bbox 232 4965 339 5033; x_wconf 85' lang='lat' dir='ltr'><strong>dantur,</strong></span> <span class='ocrx_word' id='word_1_685' title='bbox 355 4976 383 5022; x_wconf 90' lang='lat' dir='ltr'><strong>ut</strong></span> <span class='ocrx_word' id='word_1_686' title='bbox 405 4969 547 5037; x_wconf 81' lang='lat' dir='ltr'><strong>primordia</strong></span> <span class='ocrx_word' id='word_1_687' title='bbox 570 4984 662 5024; x_wconf 86' lang='lat' dir='ltr'><strong>corma</strong></span> <span class='ocrx_word' id='word_1_688' title='bbox 679 4969 755 5039; x_wconf 84' lang='lat' dir='ltr'><strong>qttasi</strong></span> <span class='ocrx_word' id='word_1_689' title='bbox 776 4971 933 5040; x_wconf 81' lang='lat' dir='ltr'><strong>guitmsdam</strong></span> 
     </span>
     <span class='ocr_line' id='line_1_78' title="bbox 144 5057 935 5131; baseline 0.005 -17"><span class='ocrx_word' id='word_1_690' title='bbox 144 5057 287 5114; x_wconf 89' lang='lat' dir='ltr'><strong>elemetuis</strong></span> <span class='ocrx_word' id='word_1_691' title='bbox 319 5059 476 5115; x_wconf 88' lang='lat' dir='ltr'><strong>docentibus</strong></span> <span class='ocrx_word' id='word_1_692' title='bbox 508 5060 682 5116; x_wconf 86' lang='lat' dir='ltr'><strong>instruantur.</strong></span> <span class='ocrx_word' id='word_1_693' title='bbox 714 5061 780 5116; x_wconf 85' lang='lat' dir='ltr'><strong>Nam</strong></span> <span class='ocrx_word' id='word_1_694' title='bbox 812 5064 935 5131; x_wconf 84' lang='lat' dir='ltr'><strong>qtiamris</strong></span> 
     </span>
     <span class='ocr_line' id='line_1_79' title="bbox 144 5149 936 5220; baseline 0.013 -16"><span class='ocrx_word' id='word_1_695' title='bbox 144 5149 272 5215; x_wconf 84' lang='lat' dir='ltr'><strong>(ptosdaut</strong></span> <span class='ocrx_word' id='word_1_696' title='bbox 289 5159 315 5204; x_wconf 93' lang='lat' dir='ltr'><strong>et</strong></span> <span class='ocrx_word' id='word_1_697' title='bbox 330 5150 388 5205; x_wconf 83' lang='lat' dir='ltr'><strong>sine</strong></span> <span class='ocrx_word' id='word_1_698' title='bbox 403 5151 500 5207; x_wconf 86' lang='lat' dir='ltr'><strong>litteris</strong></span> <span class='ocrx_word' id='word_1_699' title='bbox 517 5152 670 5220; x_wconf 87' lang='lat' dir='ltr'><strong>Scripturas</strong></span> <span class='ocrx_word' id='word_1_700' title='bbox 684 5153 789 5208; x_wconf 72' lang='lat' dir='ltr'><strong>divinas</strong></span> <span class='ocrx_word' id='word_1_701' title='bbox 809 5155 936 5214; x_wconf 72' lang='lat' dir='ltr'><strong>didicisse</strong></span> 
     </span>
     <span class='ocr_line' id='line_1_80' title="bbox 147 5238 938 5317; baseline 0.013 -25"><span class='ocrx_word' id='word_1_702' title='bbox 147 5238 302 5310; x_wconf 84' lang='lat' dir='ltr'><strong>legerirnns,</strong></span> <span class='ocrx_word' id='word_1_703' title='bbox 319 5240 419 5296; x_wconf 76' lang='lat' dir='ltr'><strong>facilior</strong></span> <span class='ocrx_word' id='word_1_704' title='bbox 434 5252 523 5297; x_wconf 88' lang='lat' dir='ltr'><strong>tamen</strong></span> <span class='ocrx_word' id='word_1_705' title='bbox 542 5258 586 5297; x_wconf 89' lang='lat' dir='ltr'><strong>res</strong></span> <span class='ocrx_word' id='word_1_706' title='bbox 605 5254 645 5298; x_wconf 88' lang='lat' dir='ltr'><strong>est</strong></span> <span class='ocrx_word' id='word_1_707' title='bbox 667 5244 711 5298; x_wconf 83' lang='lat' dir='ltr'><strong>hei</strong></span> <span class='ocrx_word' id='word_1_708' title='bbox 736 5245 820 5312; x_wconf 85' lang='lat' dir='ltr'><strong>gratia</strong></span> <span class='ocrx_word' id='word_1_709' title='bbox 838 5246 938 5317; x_wconf 78' lang='lat' dir='ltr'><strong>lrrtgili-</strong></span> 
     </span>
     <span class='ocr_line' id='line_1_81' title="bbox 146 5333 936 5404; baseline 0.013 -23"><span class='ocrx_word' id='word_1_710' title='bbox 146 5333 192 5382; x_wconf 82' lang='lat' dir='ltr'><strong>tati</strong></span> <span class='ocrx_word' id='word_1_711' title='bbox 214 5341 313 5386; x_wconf 77' lang='lat' dir='ltr'><strong>nostre</strong></span> <span class='ocrx_word' id='word_1_712' title='bbox 337 5347 385 5399; x_wconf 91' lang='lat' dir='ltr'><strong>per</strong></span> <span class='ocrx_word' id='word_1_713' title='bbox 411 5333 511 5386; x_wconf 87' lang='lat' dir='ltr'><strong>litteras</strong></span> <span class='ocrx_word' id='word_1_714' title='bbox 534 5333 701 5401; x_wconf 67' lang='lat' dir='ltr'><strong>prudentiam</strong></span> <span class='ocrx_word' id='word_1_715' title='bbox 727 5333 841 5400; x_wconf 80' lang='lat' dir='ltr'><strong>discere,</strong></span> <span class='ocrx_word' id='word_1_716' title='bbox 857 5352 936 5404; x_wconf 81' lang='lat' dir='ltr'><strong>quatu</strong></span> 
     </span>
     <span class='ocr_line' id='line_1_82' title="bbox 146 5421 935 5498; baseline 0.009 -22"><span class='ocrx_word' id='word_1_717' title='bbox 146 5421 212 5476; x_wconf 92' lang='lat' dir='ltr'><strong>lllud</strong></span> <span class='ocrx_word' id='word_1_718' title='bbox 238 5424 396 5478; x_wconf 79' lang='lat' dir='ltr'><strong>miraculum</strong></span> <span class='ocrx_word' id='word_1_719' title='bbox 418 5424 561 5479; x_wconf 83' lang='lat' dir='ltr'><strong>sustinere.</strong></span> <span class='ocrx_word' id='word_1_720' title='bbox 585 5422 792 5479; x_wconf 80' lang='lat' dir='ltr'><strong>carnnanennr</strong></span> <span class='ocrx_word' id='word_1_721' title='bbox 806 5443 869 5498; x_wconf 88' lang='lat' dir='ltr'><strong>erga</strong></span> <span class='ocrx_word' id='word_1_722' title='bbox 889 5444 935 5489; x_wconf 87' lang='lat' dir='ltr'><strong>nor</strong></span> 
     </span>
     <span class='ocr_line' id='line_1_83' title="bbox 146 5509 936 5586; baseline 0.006 -19"><span class='ocrx_word' id='word_1_723' title='bbox 146 5509 199 5567; x_wconf 86' lang='lat' dir='ltr'><strong>hoc</strong></span> <span class='ocrx_word' id='word_1_724' title='bbox 213 5527 419 5579; x_wconf 86' lang='lat' dir='ltr'><strong>sacramentnm,</strong></span> <span class='ocrx_word' id='word_1_725' title='bbox 436 5527 567 5586; x_wconf 77' lang='lat' dir='ltr'><strong>qnatenus</strong></span> <span class='ocrx_word' id='word_1_726' title='bbox 588 5515 743 5585; x_wconf 87' lang='lat' dir='ltr'><strong>pronissimi</strong></span> <span class='ocrx_word' id='word_1_727' title='bbox 758 5516 790 5570; x_wconf 84' lang='lat' dir='ltr'><strong>:nl</strong></span> <span class='ocrx_word' id='word_1_728' title='bbox 806 5518 936 5573; x_wconf 71' lang='lat' dir='ltr'><strong>ertulitlo-</strong></span> 
     </span>
     <span class='ocr_line' id='line_1_84' title="bbox 147 5602 935 5677; baseline 0.008 -19"><span class='ocrx_word' id='word_1_729' title='bbox 147 5602 190 5658; x_wconf 89' lang='lat' dir='ltr'><strong>nis</strong></span> <span class='ocrx_word' id='word_1_730' title='bbox 203 5605 290 5659; x_wconf 65' lang='lat' dir='ltr'><strong>studia</strong></span> <span class='ocrx_word' id='word_1_731' title='bbox 306 5606 461 5661; x_wconf 91' lang='lat' dir='ltr'><strong>lestiuemus</strong></span> <span class='ocrx_word' id='word_1_732' title='bbox 475 5622 482 5660; x_wconf 80' lang='grc' dir='ltr'><strong>ι</strong></span> <span class='ocrx_word' id='word_1_733' title='bbox 497 5606 603 5677; x_wconf 83' lang='lat' dir='ltr'><strong>quaudo</strong></span> <span class='ocrx_word' id='word_1_734' title='bbox 619 5617 647 5660; x_wconf 90' lang='lat' dir='ltr'><strong>ut</strong></span> <span class='ocrx_word' id='word_1_735' title='bbox 661 5606 795 5661; x_wconf 78' lang='lat' dir='ltr'><strong>elementa</strong></span> <span class='ocrx_word' id='word_1_736' title='bbox 814 5609 883 5663; x_wconf 82' lang='lat' dir='ltr'><strong>medi</strong></span> <span class='ocrx_word' id='word_1_737' title='bbox 897 5611 935 5664; x_wconf 88' lang='lat' dir='ltr'><strong>ari</strong></span> 
     </span>
     <span class='ocr_line' id='line_1_85' title="bbox 150 5692 916 5769; baseline 0.004 -19"><span class='ocrx_word' id='word_1_738' title='bbox 150 5706 184 5750; x_wconf 80' lang='lat' dir='ltr'><strong>ac</strong></span> <span class='ocrx_word' id='word_1_739' title='bbox 193 5692 298 5751; x_wconf 88' lang='lat' dir='ltr'><strong>discere</strong></span> <span class='ocrx_word' id='word_1_740' title='bbox 311 5696 467 5767; x_wconf 83' lang='lat' dir='ltr'><strong>debeamus,</strong></span> <span class='ocrx_word' id='word_1_741' title='bbox 484 5700 550 5754; x_wconf 86' lang='lat' dir='ltr'><strong>ordo</strong></span> <span class='ocrx_word' id='word_1_742' title='bbox 565 5699 620 5768; x_wconf 90' lang='lat' dir='ltr'><strong>ipsc</strong></span> <span class='ocrx_word' id='word_1_743' title='bbox 635 5698 742 5769; x_wconf 88' lang='lat' dir='ltr'><strong>pouitur</strong></span> <span class='ocrx_word' id='word_1_744' title='bbox 758 5697 916 5756; x_wconf 83' lang='lat' dir='ltr'><strong>litterarum.</strong></span> 
     </span>
    </p>
   </div>
   <div class='ocr_carea' id='block_1_17' title="bbox 988 4785 1785 5775">
    <p class='ocr_par' dir='ltr' id='par_1_18' title="bbox 988 4785 1505 4854">
     <span class='ocr_line' id='line_1_86' title="bbox 988 4785 1505 4854; baseline -0.002 -13"><span class='ocrx_word' id='word_1_745' title='bbox 988 4788 1099 4842; x_wconf 84' lang='lat' dir='ltr'><strong>dirersis</strong></span> <span class='ocrx_word' id='word_1_746' title='bbox 1114 4787 1204 4841; x_wconf 92' lang='lat' dir='ltr'><strong>mundi</strong></span> <span class='ocrx_word' id='word_1_747' title='bbox 1219 4787 1337 4854; x_wconf 84' lang='lat' dir='ltr'><strong>partibus</strong></span> <span class='ocrx_word' id='word_1_748' title='bbox 1351 4785 1505 4840; x_wconf 85' lang='lat' dir='ltr'><strong>adunatam.</strong></span> 
     </span>
    </p>

    <p class='ocr_par' dir='ltr' id='par_1_19' title="bbox 988 4875 1785 5775">
     <span class='ocr_line' id='line_1_87' title="bbox 1023 4875 1782 4950; baseline -0.007 -17"><span class='ocrx_word' id='word_1_749' title='bbox 1023 4878 1100 4933; x_wconf 79' lang='lat' dir='ltr'><strong>Vens.</strong></span> <span class='ocrx_word' id='word_1_750' title='bbox 1121 4877 1147 4932; x_wconf 60' lang='grc' dir='ltr'><strong>ἢ.</strong></span> <span class='ocrx_word' id='word_1_751' title='bbox 1171 4876 1269 4941; x_wconf 76' lang='lat' dir='ltr'><strong>Graia,</strong></span> <span class='ocrx_word' id='word_1_752' title='bbox 1291 4878 1411 4932; x_wconf 81' lang='lat' dir='ltr'><strong>Datertt.</strong></span> <span class='ocrx_word' id='word_1_753' title='bbox 1439 4877 1534 4950; x_wconf 77' lang='lat' dir='ltr'><strong>llapua</strong></span> <span class='ocrx_word' id='word_1_754' title='bbox 1558 4891 1638 4945; x_wconf 85' lang='lat' dir='ltr'><strong>opera</strong></span> <span class='ocrx_word' id='word_1_755' title='bbox 1655 4875 1782 4943; x_wconf 73' lang='lat' dir='ltr'><strong>llornisl3</strong></span> 
     </span>
     <span class='ocr_line' id='line_1_88' title="bbox 988 4964 1785 5040; baseline -0.003 -18"><span class='ocrx_word' id='word_1_756' title='bbox 988 4968 1113 5039; x_wconf 76' lang='lat' dir='ltr'><strong>ceptritita</strong></span> <span class='ocrx_word' id='word_1_757' title='bbox 1125 4970 1151 5021; x_wconf 89' lang='lat' dir='ltr'><strong>itt</strong></span> <span class='ocrx_word' id='word_1_758' title='bbox 1165 4985 1250 5022; x_wconf 86' lang='lat' dir='ltr'><strong>ontnes</strong></span> <span class='ocrx_word' id='word_1_759' title='bbox 1263 4967 1405 5023; x_wconf 79' lang='lat' dir='ltr'><strong>noluntates</strong></span> <span class='ocrx_word' id='word_1_760' title='bbox 1417 4969 1480 5040; x_wconf 75' lang='lat' dir='ltr'><strong>rjus</strong></span> <span class='ocrx_word' id='word_1_761' title='bbox 1496 4966 1561 5022; x_wconf 85' lang='lat' dir='ltr'><strong>llinc</strong></span> <span class='ocrx_word' id='word_1_762' title='bbox 1572 4964 1627 5036; x_wconf 81' lang='lat' dir='ltr'><strong>jnn</strong></span> <span class='ocrx_word' id='word_1_763' title='bbox 1639 4980 1785 5022; x_wconf 78' lang='lat' dir='ltr'><strong>enumera·</strong></span> 
     </span>
     <span class='ocr_line' id='line_1_89' title="bbox 988 5058 1782 5129; baseline -0.004 -16"><span class='ocrx_word' id='word_1_764' title='bbox 988 5061 1075 5113; x_wconf 81' lang='lat' dir='ltr'><strong>linires</strong></span> <span class='ocrx_word' id='word_1_765' title='bbox 1090 5059 1278 5113; x_wconf 74' lang='lat' dir='ltr'><strong>sincerissimas</strong></span> <span class='ocrx_word' id='word_1_766' title='bbox 1288 5058 1467 5113; x_wconf 77' lang='lat' dir='ltr'><strong>cotilessinnis</strong></span> <span class='ocrx_word' id='word_1_767' title='bbox 1482 5059 1638 5129; x_wconf 78' lang='lat' dir='ltr'><strong>ingreditur,</strong></span> <span class='ocrx_word' id='word_1_768' title='bbox 1657 5070 1782 5125; x_wconf 80' lang='lat' dir='ltr'><strong>nragrtartt</strong></span> 
     </span>
     <span class='ocr_line' id='line_1_90' title="bbox 990 5148 1781 5217; baseline -0.005 -12"><span class='ocrx_word' id='word_1_769' title='bbox 990 5151 1197 5205; x_wconf 87' lang='lat' dir='ltr'><strong>imunmsitatem</strong></span> <span class='ocrx_word' id='word_1_770' title='bbox 1218 5149 1486 5204; x_wconf 80' lang='lat' dir='ltr'><strong>bonitatisostendi1.</strong></span> <span class='ocrx_word' id='word_1_771' title='bbox 1503 5148 1658 5215; x_wconf 76' lang='lat' dir='ltr'><strong>Quitlenlm</strong></span> <span class='ocrx_word' id='word_1_772' title='bbox 1675 5149 1781 5217; x_wconf 79' lang='lat' dir='ltr'><strong>irtagni·</strong></span> 
     </span>
     <span class='ocr_line' id='line_1_91' title="bbox 990 5239 1783 5313; baseline -0.003 -17"><span class='ocrx_word' id='word_1_773' title='bbox 990 5244 1113 5297; x_wconf 82' lang='lat' dir='ltr'><strong>litatttins</strong></span> <span class='ocrx_word' id='word_1_774' title='bbox 1129 5258 1208 5311; x_wconf 79' lang='lat' dir='ltr'><strong>uttam</strong></span> <span class='ocrx_word' id='word_1_775' title='bbox 1228 5243 1262 5296; x_wconf 91' lang='lat' dir='ltr'><strong>dc</strong></span> <span class='ocrx_word' id='word_1_776' title='bbox 1276 5243 1357 5309; x_wconf 87' lang='lat' dir='ltr'><strong>impin</strong></span> <span class='ocrx_word' id='word_1_777' title='bbox 1377 5242 1466 5297; x_wconf 85' lang='lat' dir='ltr'><strong>lacere</strong></span> <span class='ocrx_word' id='word_1_778' title='bbox 1483 5242 1598 5313; x_wconf 70' lang='lat' dir='ltr'><strong>iustum,</strong></span> <span class='ocrx_word' id='word_1_779' title='bbox 1612 5239 1647 5298; x_wconf 86' lang='lat' dir='ltr'><strong>de</strong></span> <span class='ocrx_word' id='word_1_780' title='bbox 1660 5241 1741 5297; x_wconf 86' lang='lat' dir='ltr'><strong>hoste</strong></span> <span class='ocrx_word' id='word_1_781' title='bbox 1752 5239 1783 5294; x_wconf 86' lang='lat' dir='ltr'><strong>u·</strong></span> 
     </span>
     <span class='ocr_line' id='line_1_92' title="bbox 990 5324 1782 5404; baseline -0.004 -14"><span class='ocrx_word' id='word_1_782' title='bbox 990 5337 1066 5396; x_wconf 89' lang='lat' dir='ltr'><strong>liam,</strong></span> <span class='ocrx_word' id='word_1_783' title='bbox 1080 5338 1112 5389; x_wconf 80' lang='lat' dir='ltr'><strong>tle</strong></span> <span class='ocrx_word' id='word_1_784' title='bbox 1122 5336 1227 5404; x_wconf 76' lang='lat' dir='ltr'><strong>captivo</strong></span> <span class='ocrx_word' id='word_1_785' title='bbox 1241 5335 1369 5390; x_wconf 75' lang='lat' dir='ltr'><strong>liberum?</strong></span> <span class='ocrx_word' id='word_1_786' title='bbox 1383 5336 1418 5391; x_wconf 78' lang='lat' dir='ltr'><strong>tu</strong></span> <span class='ocrx_word' id='word_1_787' title='bbox 1431 5339 1457 5390; x_wconf 93' lang='lat' dir='ltr'><strong>iu</strong></span> <span class='ocrx_word' id='word_1_788' title='bbox 1469 5341 1507 5391; x_wconf 79' lang='lat' dir='ltr'><strong>eis</strong></span> <span class='ocrx_word' id='word_1_789' title='bbox 1521 5324 1698 5402; x_wconf 69' lang='lat' dir='ltr'><strong>rornpleatar&#39;</strong></span> <span class='ocrx_word' id='word_1_790' title='bbox 1710 5333 1782 5404; x_wconf 80' lang='lat' dir='ltr'><strong>quod</strong></span> 
     </span>
     <span class='ocr_line' id='line_1_93' title="bbox 990 5426 1783 5497; baseline 0.003 -19"><span class='ocrx_word' id='word_1_791' title='bbox 990 5429 1135 5497; x_wconf 66' lang='lat' dir='ltr'><strong>apiostolus</strong></span> <span class='ocrx_word' id='word_1_792' title='bbox 1152 5430 1215 5483; x_wconf 86' lang='lat' dir='ltr'><strong>tlicil</strong></span> <span class='ocrx_word' id='word_1_793' title='bbox 1231 5448 1237 5483; x_wconf 79' lang='lat' dir='ltr'>z</span> <span class='ocrx_word' id='word_1_794' title='bbox 1256 5429 1304 5485; x_wconf 82' lang='lat' dir='ltr'><strong>boi</strong></span> <span class='ocrx_word' id='word_1_795' title='bbox 1319 5440 1403 5482; x_wconf 85' lang='lat' dir='ltr'><strong>uttttm</strong></span> <span class='ocrx_word' id='word_1_796' title='bbox 1420 5426 1558 5484; x_wconf 63' lang='lat' dir='ltr'><strong>mundarit</strong></span> <span class='ocrx_word' id='word_1_797' title='bbox 1575 5438 1719 5496; x_wconf 64' lang='lat' dir='ltr'><strong>merulam,</strong></span> <span class='ocrx_word' id='word_1_798' title='bbox 1737 5442 1783 5481; x_wconf 70' lang='lat' dir='ltr'><strong>ss-</strong></span> 
     </span>
     <span class='ocr_line' id='line_1_94' title="bbox 989 5516 1782 5590; baseline -0.001 -18"><span class='ocrx_word' id='word_1_799' title='bbox 989 5519 1174 5590; x_wconf 83' lang='lat' dir='ltr'><strong>parnbundam&#39;t</strong></span> <span class='ocrx_word' id='word_1_800' title='bbox 1191 5529 1214 5573; x_wconf 90' lang='lat' dir='ltr'><strong>et</strong></span> <span class='ocrx_word' id='word_1_801' title='bbox 1232 5520 1313 5589; x_wconf 84' lang='lat' dir='ltr'><strong>pratia</strong></span> <span class='ocrx_word' id='word_1_802' title='bbox 1328 5518 1416 5585; x_wconf 85' lang='lat' dir='ltr'><strong>(llont.</strong></span> <span class='ocrx_word' id='word_1_803' title='bbox 1433 5532 1460 5584; x_wconf 79' lang='lat' dir='ltr'><strong>r,</strong></span> <span class='ocrx_word' id='word_1_804' title='bbox 1472 5520 1531 5588; x_wconf 64' lang='grc' dir='ltr'><strong>ΕΟ).</strong></span> <span class='ocrx_word' id='word_1_805' title='bbox 1546 5518 1691 5588; x_wconf 74' lang='lat' dir='ltr'><strong>Eanpttlst&#39;ta,</strong></span> <span class='ocrx_word' id='word_1_806' title='bbox 1703 5516 1730 5572; x_wconf 89' lang='lat' dir='ltr'><strong>hl</strong></span> <span class='ocrx_word' id='word_1_807' title='bbox 1740 5525 1782 5572; x_wconf 80' lang='grc' dir='ltr'><strong>ιιι</strong></span> 
     </span>
     <span class='ocr_line' id='line_1_95' title="bbox 989 5608 1779 5681; baseline -0.003 -17"><span class='ocrx_word' id='word_1_808' title='bbox 989 5611 1142 5678; x_wconf 75' lang='lat' dir='ltr'><strong>singularis,</strong></span> <span class='ocrx_word' id='word_1_809' title='bbox 1168 5618 1271 5675; x_wconf 81' lang='lat' dir='ltr'><strong>exacta,</strong></span> <span class='ocrx_word' id='word_1_810' title='bbox 1295 5609 1337 5665; x_wconf 88' lang='lat' dir='ltr'><strong>col</strong></span> <span class='ocrx_word' id='word_1_811' title='bbox 1361 5610 1427 5665; x_wconf 92' lang='lat' dir='ltr'><strong>nihil</strong></span> <span class='ocrx_word' id='word_1_812' title='bbox 1451 5620 1538 5681; x_wconf 88' lang='lat' dir='ltr'><strong>potest</strong></span> <span class='ocrx_word' id='word_1_813' title='bbox 1552 5611 1641 5666; x_wconf 86' lang='lat' dir='ltr'><strong>simile</strong></span> <span class='ocrx_word' id='word_1_814' title='bbox 1654 5608 1779 5681; x_wconf 83' lang='lat' dir='ltr'><strong>reperiri.</strong></span> 
     </span>
     <span class='ocr_line' id='line_1_96' title="bbox 991 5700 1779 5775; baseline 0 -17"><span class='ocrx_word' id='word_1_815' title='bbox 991 5701 1125 5758; x_wconf 77' lang='lat' dir='ltr'><strong>Immittit</strong></span> <span class='ocrx_word' id='word_1_816' title='bbox 1136 5701 1206 5758; x_wconf 90' lang='lat' dir='ltr'><strong>cuitu</strong></span> <span class='ocrx_word' id='word_1_817' title='bbox 1220 5700 1355 5759; x_wconf 85' lang='lat' dir='ltr'><strong>diabolum</strong></span> <span class='ocrx_word' id='word_1_818' title='bbox 1375 5703 1482 5774; x_wconf 81' lang='lat' dir='ltr'><strong>sarire,</strong></span> <span class='ocrx_word' id='word_1_819' title='bbox 1499 5711 1528 5759; x_wconf 92' lang='lat' dir='ltr'><strong>ut</strong></span> <span class='ocrx_word' id='word_1_820' title='bbox 1544 5712 1580 5761; x_wconf 73' lang='lat' dir='ltr'><strong>&#39;cx</strong></span> <span class='ocrx_word' id='word_1_821' title='bbox 1596 5703 1667 5761; x_wconf 85' lang='lat' dir='ltr'><strong>illius</strong></span> <span class='ocrx_word' id='word_1_822' title='bbox 1680 5701 1779 5775; x_wconf 77' lang='lat' dir='ltr'><strong>iniuri-</strong></span> 
     </span>
    </p>
   </div>
   <div class='ocr_carea' id='block_1_18' title="bbox 0 0 1932 6116">
    <p class='ocr_par' dir='ltr' id='par_1_20' title="bbox 0 0 1932 6116">
     <span class='ocr_line' id='line_1_97' title="bbox 0 0 1932 6116; baseline 0 0"><span class='ocrx_word' id='word_1_823' title='bbox 0 0 1932 6116; x_wconf 95' lang='lat' dir='ltr'><strong> </strong></span> 
     </span>
    </p>
   </div>
  </div>
 </body>
</html>
