3794 6128
126 315 174 371 bb'f
578 305 760 365 exbostrto
779 305 812 362 itt
832 305 1061 365 ositremont.
1083 308 1177 367 t‘set..
1198 312 1315 371 lxxiv.
1705 320 1758 383 553

127 444 178 495 tur,
192 444 241 503 eqo
251 427 370 501 justitias
379 424 519 501 judicabo:
534 433 565 481 ut
578 432 736 496 compuncta
750 423 831 481 corda
845 437 917 478 mor·
931 424 957 486 Δ
969 426 1108 482 stellarum
1121 428 1154 483 ad
1171 429 1278 499 aliquod
1291 430 1419 501 desidum
1432 445 1462 489 se
1476 435 1647 505 pervenisse,
1665 441 1695 488 ut
1710 434 1761 491 boe

127 523 219 581 talium
233 528 297 576 aute
314 528 420 590 tempus
435 517 528 590 ludicii
545 519 573 574 in
588 518 640 575 lroc
654 531 683 574 se
699 518 801 573 mundo
816 517 920 572 studio·
972 516 1057 586 masis
1081 518 1193 587 imputet
1214 521 1376 590 conditori,
1399 526 1470 595 quod
1496 527 1602 596 propria
1625 527 1763 582 uoluntate
1783 542 1785 548 ¹

126 615 182 672 sins
194 621 370 682 precaremur
382 608 502 675 absolvi,
519 607 705 665 revenientes
725 609 752 664 in
769 607 857 663 futura
874 607 921 663 illa
972 608 1103 674 peccavit.
1119 607 1173 665 Sed
1186 621 1286 679 quanto
1306 614 1429 671 veracius
1444 624 1599 687 quantoque
1613 617 1716 680 utilius,
1732 625 1762 671 ut

127 705 319 776 deceptatione
342 703 507 773 inopinatam
532 702 636 759 iudicis
656 704 816 759 senteutiam
839 701 920 758 susti·
973 715 1050 756 nuum
1068 701 1229 758 confiteatur
1251 704 1354 770 scelus,
1374 707 1419 775 qai
1439 720 1499 761 cum
1520 707 1650 763 nefarium
1667 721 1763 776 perpe·

129 811 234 861 pappa,
972 804 1055 853 traret
1065 799 1175 860 facinus,
1190 809 1219 854 ut
1231 800 1416 855 liberaretura
1430 803 1551 871 crimine,
1566 804 1693 860 irrrocare
1707 818 1755 859 ne-

164 896 242 951 tera.
257 896 284 951 5.
300 893 449 966 Liquctorta
463 905 499 948 est
512 902 590 960 tarn,
603 904 627 948 et
641 912 728 950 omues
738 895 880 950 habitantes
894 897 922 951 in
972 888 1058 958 flexit
1069 889 1187 943 omnium
1204 889 1420 961 Redemptorem.

128 1005 175 1053 ra;
189 1004 237 1059 eqo
249 987 397 1060 confirmari
412 987 544 1041 cntumnna
558 990 625 1060 ejus.
638 989 706 1043 Dicit
718 987 846 1044 Dominus
860 996 923 1044 aute
1010 980 1084 1036 Veli·
1098 982 1124 1038 6·
1140 983 1207 1047 Qtttf
1217 1001 1296 1053 ΜΨ
1308 985 1338 1038 ti
1350 984 1463 1054 Oriente.
1476 1002 1556 1054 neque
1569 988 1600 1041 αὗ
1614 988 1761 1055 (mititte,

122 1080 275 1135 'adrentum
290 1095 368 1134 suum
383 1089 478 1133 terrem
492 1094 552 1135 esse
564 1096 648 1151 genus
670 1081 815 1136 humanum
828 1124 835 1149 ,
851 1082 922 1152 quod
974 1088 1054 1143 neque
1067 1090 1082 1127 tt
1097 1074 1203 1130 desertis
1217 1075 1353 1145 morttibttt.
1370 1076 1470 1133 Versus
1483 1078 1534 1134 iste
1547 1078 1647 1150 ailquid
1658 1081 1761 1151 expetii

129 1173 163 1229 ab
175 1171 222 1228 illa
237 1172 373 1227 soliditate
396 1173 515 1227 veritatis
534 1171 560 1226 iu
578 1180 750 1242 pcccatorum
775 1173 834 1230 labe
849 1188 923 1230 resn-
974 1163 1196 1232 tubttttdtendum,
1217 1174 1247 1220 nt
1264 1166 1322 1236 ejus
1337 1166 1415 1221 nobis
1434 1167 1518 1224 fracida
1534 1169 1619 1237 possit
1632 1182 1763 1239 apparere

127 1266 213 1320 lotum
234 1275 294 1328 est:
319 1265 418 1334 quippe
433 1264 502 1334 quod
521 1263 651 1320 derelicto
673 1275 782 1320 auctore
802 1264 922 1321 nefandis
973 1255 1303 1310 iesstfntl³·1)ifitt¹l1ffl2
1321 1257 1388 1321 Quia
1402 1273 1482 1328 ”titt
1494 1257 1527 1311 tt
1544 1258 1664 1324 Oriente,
1682 1274 1762 1328 neque

128 1354 208 1411 tatis
222 1355 367 1410 sennenn.
387 1355 439 1410 sea
461 1355 684 1424 qnieosauoaoo
702 1355 812 1410 saturon
833 1357 921 1411 tneor·
973 1346 1005 1400 m
1021 1345 1166 1413 ostracon,
1183 1364 1291 1417 nqueo
1308 1350 1416 1403 aenam
1433 1351 1569 1416 monstres,
1585 1351 1759 1417 noeentum,

131 1447 238 1501 natione
252 1446 408 1501 subuenerit
422 1455 496 1498 terrie
511 1435 665 1516 tiqnetncttc,
681 1446 865 1516 subsequitur,
877 1463 923 1518 eqo
973 1440 1049 1497 deest
1062 1442 1199 1507 Dominus,
1215 1451 1243 1497 ut
1257 1453 1283 1499 te
1297 1444 1381 1513 possit
1395 1459 1552 1515 agnoscere,
1568 1460 1628 1501 cum
1641 1460 1702 1501 cunr
1718 1454 1761 1500 to·

132 1536 280 1606 mprmnri
295 1535 510 1607 colummerios.
525 1535 663 1590 Cotrrmuas
684 1535 818 1605 apostolos
840 1536 923 1593 debe·
975 1541 1030 1587 turn
1045 1533 1141 1603 ubique
1162 1544 1268 1589 constet
1283 1548 1343 1591 esse
1359 1545 1539 1605 praesentem,
1555 1538 1625 1594 siem
1647 1538 1710 1593 alibi
1726 1537 1764 1593 le-

133 1642 191 1683 rnus
220 1627 360 1699 accipere,
385 1626 430 1697 qui
452 1628 597 1694 confirmati
619 1636 680 1681 ruint
703 1618 941 1695 resurrectione,'
973 1623 1045 1694 qim
1056 1624 1068 1678 τ’
1085 1618 1198 1693 Spiritus
1211 1625 1315 1680 Domini
1329 1628 1432 1698 repleuit
1444 1630 1531 1684 artem
1546 1640 1670 1685 tamarum
1684 1630 1762 1703 (Sap.

132 1731 189 1773 cnm
211 1716 239 1772 in
261 1708 367 1773 filomini
385 1718 511 1787 passione
537 1715 710 1775 nutaverunt.
730 1719 796 1774 Nam
815 1730 843 1776 et
866 1722 922 1789 ipse
975 1731 995 1782 r,
1011 1715 1051 1786 t).
1064 1717 1129 1784 Quae
1143 1718 1225 1789 figura
1238 1720 1264 1774 in
1284 1721 1459 1777 saecularibus
1476 1723 1573 1778 litteris
1586 1724 1686 1780 dicimr
1698 1725 1764 1781 ccli·

132 1825 176 1866 eos
187 1811 366 1877 corrdrmarit,
381 1811 488 1881 qrraudo
502 1811 582 1866 Petro
595 1814 716 1881 apostolo
731 1814 817 1868 dixit:
834 1813 920 1880 Patre,
938 1801 1040 1877 Dpttsr
1056 1806 1080 1861 td
1095 1816 1137 1862 est
1150 1808 1285 1877 defectus,
1302 1812 1408 1880 aboites
1421 1814 1499 1882 pleno
1518 1813 1665 1879 intellectui
1682 1815 1762 1871 verbo

132 1904 227 1972 quoties
239 1904 357 1970 erpetier't
367 1919 409 1957 uos
422 1902 534 1958 Satanae
548 1911 576 1957 m
586 1904 707 1958 cribraret
716 1907 781 1960 sicut
793 1908 926 1962 triticam!
975 1898 1060 1968 aitqua
1074 1898 1275 1955 subtrahuntur.
1294 1900 1348 1957 Sed
1372 1903 1423 1958 hoc
1442 1903 1541 1959 factum
1563 1913 1675 1960 estnon
1691 1905 1762 1960 indi·

134 1999 212 2061 stepo
225 1992 315 2063 reponi
330 2007 377 2061 pro
391 2001 431 2058 te,
451 2008 483 2046 ne
497 1993 614 2062 deficeret
629 1993 694 2062 fides
708 2005 773 2059 tnn,·
789 2003 814 2048 et
827 2004 855 2049 tu
872 1995 924 2050 nti·
974 1989 1065 2059 sentia
1086 1991 1236 2059 sermonis,
1251 1991 1298 2047 sed
1318 2002 1347 2046 at
1366 1993 1511 2049 studiosius
1533 1982 1668 2065 quaeratur
1690 1996 1761 2063 qnod

133 2081 232 2151 qaam
245 2097 380 2136 conrasas
394 2083 521 2148 centrmn
533 2084 625 2152 tratres
635 2094 693 2137 taos
706 2084 783 2157 (bac.
796 2101 862 2152 ssu,
877 2088 923 2155 51,
974 2078 1054 2135 fucrit
1075 2082 1224 2137 necessaria
1240 2081 1423 2140 taciturnitate
1443 2098 1628 2154 suppressum.
1641 2085 1762 2154 Quapro-

133 2169 185 2242 δί).
198 2172 232 2227 fit
242 2173 347 2240 respice
356 2173 500 2228 verborum
512 2173 678 2244 aptissimam
688 2177 922 2233 contrarietatem.
973 2182 1033 2245 pter
1055 2173 1177 2230 desinant
1199 2176 1346 2247 blasphemi
1369 2178 1499 2249 sacrilega
1516 2178 1600 2232 rerba
1621 2179 1760 2248 cogitare,

134 2259 288 2334 faqmtm
311 2262 382 2318 euim
398 2273 491 2329 terre,
515 2266 673 2335 confirmate
686 2268 812 2323 colunnae
826 2271 923 2324 merito
972 2266 1078 2335 quande
1091 2282 1120 2322 se
1134 2266 1216 2323 tuder
1230 2269 1369 2337 profitetur
1380 2285 1441 2325 esse
1454 2281 1624 2338 praesentem,
1637 2271 1680 2325 cui
1696 2271 1759 2325 sub·

133 2356 271 2411 subverrire
285 2365 439 2425 potuerunt.
461 2356 596 2411 Columnis
611 2359 683 2412 eninr
698 2360 796 2415 merito
807 2362 921 2430 apostoli
969 2356 1040 2425 iacet
1061 2361 1151 2416 omnia
1166 2360 1216 2416 sub
1231 2362 1344 2417 veritate
1367 2376 1543 2431 cognoscere.
1560 2360 1593 2416 Et
1616 2378 1650 2418 uc
1665 2363 1762 2434 aliquis

132 2456 337 2518 conparantur,
358 2449 419 2517 quia
434 2456 542 2502 terrene
561 2450 626 2505 vitia
642 2450 669 2504 in
688 2450 742 2506 imo
756 2453 919 2520 deprimunt,
972 2450 1084 2506 uniretur
1106 2453 1132 2506 in
1150 2452 1337 2521 complexione
1361 2453 1453 2508 mnudi
1467 2453 1533 2508 duas
1547 2461 1649 2509 tanturn
1672 2466 1761 2524 partes
1837 2461 1840 2468 '

131 2548 157 2596 et
172 2555 299 2610 supernae
318 2543 430 2598 virtutes
448 2543 482 2598 ad
502 2539 616 2614 gratiam
641 2548 715 2617 ppppt
735 2548 853 2603 poetesq.
871 2565 921 2604 ω.
971 2542 1073 2611 positas
1087 2541 1178 2607 fnisse,
1193 2544 1243 2598 troc
1264 2545 1359 2599 metius
1372 2544 1558 2612 spiritualiter,
1570 2544 1593 2597 si
1605 2559 1761 2614 possumus,

132 2631 233 2687 totlnut.
533 2669 536 2675 ι
970 2646 1147 2702 exponamus.
1160 2626 1301 2701 Orientem,
1317 2649 1447 2703 ponamus
1463 2635 1587 2691 fromines
1599 2634 1654 2704 jam
1671 2635 1761 2689 divina

163 2723 241 2781 vers.
255 2725 285 2781 4.
302 2724 363 2778 bisi
377 2727 491 2796 iniquis:
504 2725 592 2781 Natiso
604 2727 692 2796 imppp
703 2746 789 2799 epm,-
801 2721 920 2804 ppspttp.
970 2724 1092 2779 claritate
1107 2726 1286 2792 conspicuam
1304 2724 1477 2794 Occidentem,
1493 2733 1649 2795 peccatores
1663 2724 1761 2794 quibus

127 2820 283 2889 quantitas:
297 2818 383 2872 Nolite
396 2823 510 2874 ennttnre
523 2835 613 2876 cornu,
629 2820 685 2876 lios
699 2830 740 2877 sse
754 2824 825 2892 ppos
839 2815 919 2893 ippp.
959 2815 1057 2871 adbuc
1070 2817 1158 2870 luuteu
1172 2817 1291 2870 veritatis
1310 2815 1496 2880 abscounditum
1513 2815 1625 2870 iteratos
1641 2824 1760 2881 montes,

127 2908 182 2965 rins
193 2909 281 2964 dixit:
300 2908 355 2980 fiqe
372 2911 520 2979 coinfirmari
530 2911 662 2966 columnas
677 2913 744 2982 ejus.
761 2913 832 2968 Dicit
845 2917 917 2970 enim
970 2910 1051 2965 falsos
1064 2908 1254 2978 predicatores
1266 2908 1377 2964 forsitan
1393 2907 1522 2963 debemus
1537 2907 1698 2972 advertere3
1714 2907 1761 2977 qui

125 3014 176 3072 per
187 3002 335 3072 propbetas
345 3010 425 3072 atque
434 3004 572 3072 apostolos
584 3005 685 3059 mnnita
699 3005 763 3061 Nori
776 3015 803 3060 et
814 3006 917 3064 teneris
970 3003 1031 3057 licet
1044 3001 1178 3065 montium,
1195 2999 1220 3053 id
1235 3008 1277 3054 est
1291 2999 1494 3068 praedicantium
1514 2997 1565 3054 sibi
1579 3004 1708 3068 usurpent
1720 2997 1760 3052 lo·

126 3094 312 3173 tesmenti,
333 3111 366 3153 ue
379 3098 506 3153 scelerati
526 3099 596 3153 male
618 3107 737 3170 agerent,
753 3100 799 3155 sed
815 3102 848 3155 ad
864 3105 916 3158 po.
968 3109 1041 3157 cunr.
1057 3103 1144 3148 tamen
1158 3087 1269 3148 veritato
1288 3091 1388 3148 deserti
1403 3096 1483 3160 suunt,
1505 3084 1574 3146 sient
1589 3101 1651 3146 sunt
1665 3105 1759 3147 omncs

126 3188 227 3243 mnan
252 3189 307 3244 cito
328 3202 358 3244 se
384 3188 479 3244 bumili
504 3189 687 3246 satisfactione
714 3179 952 3250 conuertersns,C
969 3185 1086 3242 haretici
1109 3187 1150 3239 vel
1173 3184 1279 3257 pagani.
1301 3186 1372 3258 drgo
1387 3201 1448 3241 cum
1472 3186 1598 3240 omuibus
1612 3184 1758 3254 generibus

126 3277 187 3335 Plus
202 3294 299 3336 revera
313 3279 639 3335 uredicnsobserrautiam
653 3280 817 3337 salubritatis
831 3284 915 3352 dedit,
970 3275 1106 3331 bominum
1129 3274 1199 3331 Deus
1218 3289 1339 3343 presens
1364 3284 1392 3330 et
1406 3276 1529 3344 cognitor
1548 3289 1609 3330 esse
1629 3283 1760 3328 urnnstre-

126 3385 160 3427 ne
173 3386 260 3452 usqne
273 3371 306 3427 ad
326 3373 436 3428 morbos
452 3372 546 3428 uarios
567 3374 683 3431 bumana
702 3376 842 3433 infirmans
857 3395 917 3450 ρει.
967 3376 1031 3437 tur,
1047 3367 1111 3422 nibil
1137 3368 1189 3423 tate
1210 3368 1349 3438 quisquam
1374 3367 1455 3422 debet
1479 3380 1662 3436 presumere,
1686 3366 1758 3438 quod

127 3463 239 3519 mitet.
253 3463 337 3535 255
350 3462 487 3533 Sequitur,
500 3472 526 3518 et
540 3461 744 3532 delinquentibus
758 3468 836 3522 notite
845 3470 916 3523 erot-
967 3474 1027 3515 euin
1043 3459 1126 3529 potiit
1139 3459 1165 3513 iu
1179 3460 1223 3514 illa
1240 3459 1407 3528 judicatione
1423 3459 1562 3514 damnate·

127 3562 179 3607 tete
189 3566 282 3609 coma.
298 3540 515 3611 Solmndieudum
534 3564 577 3611 est
591 3570 617 3612 et
631 3556 676 3612 bic
691 3573 815 3628 qunque,
832 3560 914 3629 Dixi,
1004 3550 1080 3606 Vens.
1096 3552 1122 3605 7.
1140 3550 1267 3618 Quoniam
1288 3551 1357 3606 Deua
1366 3554 1450 3623 jutan
1469 3560 1521 3607 ert:
1536 3550 1604 3605 banc
1623 3548 1756 3617 bamitint,

127 3648 171 3704 aad
185 3651 260 3720 prius
275 3649 368 3719 itaquis
382 3651 436 3714 nit,
452 3659 480 3704 nt
492 3651 581 3705 omnia
600 3661 708 3721 peccata
728 3645 912 3710 concluderet.
965 3651 989 3698 εἰ
1004 3645 1071 3698 'itt‘
1085 3644 1191 3700 mittit·
1217 3646 1285 3700 Effe
1302 3645 1389 3699 ⁰¹¹¹¹¹5⁵
1407 3644 1520 3713 issf5¹l⁰
1533 3644 1566 3699 (¹0
1587 3645 1676 3699 metim
1696 3659 1755 3713 ΡΜ

127 3737 197 3795 itam
216 3740 338 3795 venitad
352 3742 499 3795 marimum
523 3743 616 3796 viuum
641 3742 840 3810 appensionis,
861 3762 914 3816 φη)
966 3735 1027 3791 tana
1047 3737 1150 3791 sublata
1174 3749 1234 3792 est:
1260 3737 1388 3803 Quoniam
1407 3734 1755 3807 perspicacissimam

127 3832 201 3889 reite
218 3833 323 3888 laborat
338 3835 488 3890 immanitas
499 3850 513 3899 ;v
523 3842 557 3907 ut
573 3849 633 3890 cum
657 3851 687 3891 se
700 3838 762 3906 quis
777 3853 830 3893 nou
847 3841 914 3908 psat.
965 3827 1000 3878 sit
1008 3827 1104 3898 judea,
1121 3827 1221 3896 justum
1242 3825 1317 3880 iilum
1339 3841 1399 3881 esse
1414 3842 1467 3881 unu
1481 3826 1589 3881 dubium
1605 3838 1656 3880 est.
1671 3823 1756 3905 tuden

128 3930 168 3978 tar
178 3924 270 3979 dicere
283 3924 464 3994 culpabilem,
484 3920 517 3979 a'd
537 3926 704 3982 excusandas
727 3929 915 3986 excusationes
965 3918 1036 3977 euim
1051 3921 1113 3976 duur
1131 3923 1240 3987 dicitur,
1257 3924 1426 3994 aequissimus
1441 3927 1500 3980 siue
1512 3927 1678 3981 dubitatione
1692 3942 1754 3981 serr-

127 4011 154 4067 'ar
164 4015 293 4082 mn,
309 4015 464 4085 peregrinas
474 4028 648 4084 quaecunque
658 4017 710 4072 sibi
723 4032 819 4072 erosas
834 4033 914 4075 expo.
964 4010 1038 4065 titur.
1056 4012 1090 4067 Et
1101 4020 1131 4066 ut
1145 4010 1196 4067 boc
1210 4012 1236 4067 iu
1252 4012 1304 4067 isto
1322 4014 1402 4068 verbo
1427 4014 1580 4070 declaretur
1602 4015 1753 4077 inclnrsum,

127 4107 226 4175 pierio
249 4121 299 4162 suu
313 4106 421 4174 delicto,
442 4107 522 4160 ruodo
535 4107 669 4162 diabolum
690 4124 815 4179 arguens,
833 4110 914 4166 modo
963 4115 1043 4155 causa
1063 4099 1183 4156 redditur
1204 4103 1309 4158 sincera
1331 4104 1446 4173 judicii:
1462 4103 1546 4175 ,Hunc
1571 4104 1708 4172 inmitior,
1730 4113 1754 4158 ct

126 4195 341 4252 muoria‘verba
363 4196 524 4259 dilacerans,
545 4197 592 4267 qui
611 4212 694 4253 cornu
708 4213 787 4253 suarm
808 4200 914 4256 uidetur
964 4193 1288 4250 anacampseroten
1302 4198 1392 4268 ratique
1415 4200 1572 4267 superbum,
1587 4199 1688 4254 exaltat
1706 4197 1756 4251 bn-

126 4291 452 4359 estsere,qninpeccatonr
463 4292 690 4361 suumprnprium
703 4307 751 4362 per
766 4296 833 4350 alios
848 4295 913 4368 ted,
963 4286 1074 4354 mitem,
1088 4289 1149 4357 quin
1164 4289 1210 4345 ille
1227 4290 1253 4343 in
1269 4303 1308 4355 se,
1325 4291 1374 4343 iste
1394 4290 1505 4349 contidit
1520 4292 1545 4344 in
1567 4290 1690 4344 Domino.
1709 4289 1753 4343 Sic

125 4382 201 4456 atina]
215 4383 311 4439 nitimr
322 4398 460 4439 excusare.
479 4384 647 4453 Quapropter
673 4386 740 4441 tates
756 4388 789 4441 ad
807 4389 912 4442 sepiam
962 4387 990 4434 et
1001 4380 1028 4434 in
1040 4379 1185 4451 Evangelio
1204 4381 1319 4450 tegitur:
1346 4380 1435 4435 Omnis
1450 4382 1493 4451 qai
1510 4397 1537 4439 ae
1554 4380 1652 4436 eaettnt
1667 4381 1753 4433 dumi·

125 4472 209 4528 redire
223 4488 277 4529 non
297 4483 419 4544 munt,
439 4473 502 4543 quia
514 4476 689 4531 centensimus
711 4477 829 4533 remedia
844 4492 909 4548 pes.
963 4469 1079 4535 liobitur,
1093 4479 1116 4523 et
1131 4472 1175 4541 qui
1187 4486 1214 4550 se
1228 4472 1345 4553 bumitint
1360 4470 1517 4525 exaltabitur
1532 4470 1609 4543 (buc.
1626 4486 1681 4534 vav,
1698 4472 1753 4537 fl).

124 4562 260 4622 diderant.
432 4610 435 4615 s
925 4559 952 4620 D
966 4560 1047 4617 tides
1060 4576 1124 4632 erqo
1140 4559 1242 4631 justum
1251 4561 1368 4633 jndicem
1385 4576 1529 4632 congruam
1552 4562 1671 4632 partibus
1692 4574 1755 4632 pru-

156 4654 236 4711 fen.
250 4654 278 4711 5.
299 4654 390 4712 fietile
410 4658 530 4713 eatotterc
543 4658 571 4713 in
588 4659 670 4713 attam
688 4676 769 4715 cornu
783 4671 912 4727 uestrum
965 4653 1034 4708 serre
1049 4651 1219 4706 seutentiam.
1324 4696 1327 4701 -
1607 4735 1609 4739 y

123 4745 197 4801 aare
207 4746 281 4815 taqpi
292 4747 413 4802 adram
428 4747 511 4804 Deum
525 4749 696 4821 iniquitatem.
713 4750 833 4821 Repetite
849 4767 913 4808 con·
1002 4754 1079 4810 Vera.
1095 4754 1121 4809 8.
1138 4753 1205 4819 Quia
1219 4755 1287 4808 calis
1299 4754 1325 4808 in
1339 4770 1417 4809 mann
1437 4753 1541 4809 Donnini
1555 4753 1605 4806 cini
1621 4754 1682 4807 meri
1700 4756 1754 4819 pfe-

123 4840 230 4895 tettttio
248 4839 416 4897 formidinem
447 4857 551 4912 magnae
569 4843 679 4899 ultionis
702 4845 831 4911 ostendit,
850 4846 913 4916 quia
964 4863 1013 4901 nus
1025 4857 1063 4902 est
1077 4848 1174 4912 minim·
1187 4857 1210 4900 et
1224 4846 1355 4900 inclinauit
1370 4863 1401 4901 cx
1414 4847 1461 4901 troc
1480 4849 1507 4900 in
1521 4848 1577 4900 troc.
1594 4845 1670 4913 Saepe
1682 4844 1751 4898 disi-

122 4938 226 4998 anpes
235 4930 343 4996 srarim
356 4929 585 5000 vindicatnrquod
601 4931 696 4986 iterata
705 4931 826 5002 jussione
840 4948 910 5002 prae·
963 4953 1023 4994 mnis
1043 4940 1147 4992 calicem
1172 4952 1322 4992 mensuram
1338 4952 1400 4993 esse
1424 4937 1588 5007 potabilem,
1608 4950 1659 5004 qua
1680 4949 1752 5005 agra

122 5016 225 5087 dpftor.
236 5018 304 5077 nnn
316 5035 378 5076 enm
390 5020 471 5077 dicit:
485 5021 575 5077 ltetite
586 5022 701 5078 exaltare
715 5026 743 5078 iu
757 5026 838 5079 uttam
852 5040 912 5080 cor·
962 5031 1006 5086 siti
1022 5044 1133 5100 corpora
1149 5038 1323 5098 reprarsntur:
1339 5029 1426 5087 dictus
1439 5044 1454 5084 a
1468 5028 1552 5084 calida
1568 5028 1687 5097 potiones
1701 5043 1752 5093 qua

123 5120 155 5161 ιι
165 5119 287 5176 mnan,
300 5111 396 5167 suadet
410 5122 438 5168 nt
449 5127 467 5168 a
480 5112 635 5182 blasphema
647 5115 808 5185 cnrqitatione
821 5129 912 5172 cesse·
962 5121 1115 5192 frequenter
1135 5122 1235 5177 utinurr
1255 5123 1427 5190 convivantes
1447 5120 1526 5192 [nd.
1541 5117 1751 5191 corubitremesJ,

123 5206 176 5266 lar,
189 5203 317 5272 quonian
340 5203 388 5259 itte
405 5205 433 5259 in
455 5206 538 5261 attam
556 5208 630 5277 eripit
649 5224 730 5262 cornu
751 5210 795 5278 qui
816 5221 909 5266 contra
962 5214 1000 5269 ita
1013 5215 1055 5268 lex
1070 5213 1173 5269 Domini
1187 5211 1300 5285 pulclrre
1313 5213 1505 5279 cntisdicitur,
1524 5227 1583 5282 quar
1604 5208 1753 5264 ambienter

123 5287 202 5350 Deum
226 5307 355 5365 concepta
380 5297 519 5367 iniquitate
539 5307 728 5354 romtrrtuurat.
754 5299 821 5356 fiam
846 5303 908 5357 vide
962 5304 1752 5376 ebroicamqoerecounita,animabuspmsrntsonusnmanr

123 5386 178 5454 pta
190 5390 323 5459 arquitur,
336 5391 413 5445 notite
424 5391 495 5462 toqui
509 5392 631 5446 aduersus
644 5390 725 5446 Deum
738 5393 909 5462 iniquitatem.
964 5396 1131 5464 sospitatem.
1148 5394 1283 5462 Sequitur,
1300 5396 1353 5449 nini
1366 5395 1427 5448 meri
1442 5396 1531 5465 ptcnna
1546 5404 1582 5448 eat
1595 5393 1686 5446 misto.
1703 5390 1752 5446 tie

124 5472 245 5534 ttbnein
255 5479 437 5535 excusationis
445 5483 564 5538 curando
572 5482 635 5536 vitto
643 5491 808 5551 perseverat.
819 5482 909 5550 Loqui·
964 5502 1024 5539 unur
1048 5486 1074 5539 in
1090 5485 1189 5539 divinis
1208 5484 1353 5554 scripturis
1375 5485 1508 5556 significat
1522 5485 1632 5539 coeleste
1653 5491 1752 5554 inpote-

123 5570 237 5627 tvrenim
252 5580 342 5627 contra
356 5569 440 5627 Deam
454 5571 627 5651 iniquitatem,
644 5573 751 5643 qttarrdo
762 5572 858 5641 aliquis
868 5575 908 5629 sic
963 5575 1042 5640 rium,
1056 5575 1125 5629 sicut
1138 5575 1164 5628 iu
1179 5574 1232 5628 illis
1254 5572 1357 5645 frydriis
1372 5576 1472 5630 factum
1486 5583 1530 5630 est
1543 5590 1608 5646 quas
1624 5572 1751 5629 Dominus

122 5662 230 5716 murat
243 5665 441 5730 constitutum,
459 5672 489 5719 ιιι
509 5674 616 5734 peccata
638 5664 749 5719 minime
771 5663 908 5720 declinare
962 5681 1030 5736 aqua
1045 5664 1106 5720 fecit
1118 5664 1240 5734 impteri;
1261 5672 1289 5719 ιιι
1307 5666 1400 5724 latices
1419 5667 1530 5722 fontium
1551 5669 1675 5724 ruborem
1696 5666 1752 5729 viui

120 5751 382 5821 mimdiccns:
410 5755 468 5813 lion
489 5757 566 5829 culpa
591 5773 653 5827 sua,
675 5757 721 5817 sed
746 5755 906 5813 necessitate
961 5765 1062 5811 murteta
1080 5758 1208 5827 qualitate
1228 5757 1406 5830 susciperent,
1419 5773 1498 5832 quem
1519 5770 1614 5819 natura
1633 5774 1685 5816 unu
1705 5757 1752 5815 ba-
