3794 6128
125 362 176 421 tl&
728 347 763 402 ll.
786 341 927 400 auaettt
946 338 1145 397 casstueuttt
1711 325 1763 383 ild

123 473 188 531 eluar
210 472 278 530 dicit
292 482 389 524 mantis
402 463 537 531 Deaellcii,
560 469 590 518 ιιι
610 462 691 518 etiant
713 469 781 513 tatcr
803 457 921 511 inimicos
936 457 959 518 A
972 469 1012 507 arc
1025 452 1110 523 (l'snl.
1126 468 1162 518 rt,
1176 451 1203 520 ι,
1215 460 1238 507 et
1248 448 1394 522 strunt).
1405 449 1521 507 abusive
1533 449 1632 522 quippe
1643 459 1757 508 tractum

125 565 208 636 ipsius
230 563 314 617 virtus
335 558 480 628 maiestatis
495 555 553 627 ojus
569 553 655 625 possit
674 553 793 617 ostendi3
813 550 916 606 seilicet
967 555 1009 602 est
1022 546 1056 600 alr
1079 544 1243 611 trontiaiDos,
1259 543 1320 613 qtria
1333 542 1439 613 quanm
1453 543 1567 612 aliquam
1577 541 1685 612 eulpam
1698 542 1759 597 viu·

125 662 154 709 ut
165 652 200 708 de
212 649 373 720 lslasplromis
385 648 449 702 llam
463 646 591 717 religiosi,
609 652 636 698 et
651 643 684 699 de
700 642 791 712 iniqua
803 653 917 696 coritar-

125 743 230 798 satione
241 740 392 811 juratissimi.

163 830 239 887 verr.
256 830 298 884 ld.
322 829 364 883 Ne
389 825 575 893 occiderimus,
601 824 735 892 nequando
764 821 916 877 sllioisena-

124 930 167 975 tur
186 921 248 992 leqis
262 931 330 974 tan:
353 919 470 990 disperare
481 916 541 970 ilios
561 920 589 970 in
602 917 692 970 uirtute
711 925 767 980 tue,
777 925 801 968 et
816 915 917 967 destruc

125 1030 178 1082 eus,
199 1022 409 1084 protectormeus
433 1008 550 1064 Dornr'ne.
567 1007 624 1063 lloa
646 1007 771 1076 estquod
794 1005 917 1073 superius

125 1101 395 1168 attramentarium
416 1103 480 1156 inter
501 1099 619 1154 inimicos
633 1114 720 1161 meos:
735 1096 862 1166 qnoniam
882 1095 917 1151 ab

126 1194 183 1251 istis
199 1193 324 1259 inimicis,
339 1193 384 1263 qai
405 1191 461 1246 Deo
475 1192 607 1262 largiente
626 1187 753 1245 credituri
769 1198 841 1249 sunt,
857 1186 918 1242 idae

126 1282 166 1340 ira
176 1283 357 1353 suspenditur,
371 1296 404 1338 ue
419 1279 525 1335 Domini
537 1280 621 1350 legem
633 1293 717 1346 usque
733 1277 758 1331 in
773 1276 852 1330 lloem
866 1291 918 1330 sae·

126 1381 179 1436 culi
200 1380 324 1452 ignorare
348 1376 497 1442 rideantur,
522 1383 551 1430 et
571 1374 700 1442 incipiant
713 1373 751 1427 sie
766 1371 865 1440 perire,
889 1378 919 1424 ut

127 1471 263 1528 trullueex
277 1472 317 1526 eis
341 1469 425 1539 pessit
447 1468 532 1522 bonos
553 1465 654 1520 tructus
677 1477 823 1533 emergere.
844 1459 917 1515 Ditt-

127 1562 232 1615 circiter
242 1561 313 1616 enirn
332 1561 411 1630 leqem
428 1557 474 1629 qui
497 1557 556 1625 ejus
572 1564 703 1625 praecoqua
724 1569 777 1609 troo
791 1552 918 1622 complet,

967 639 1098 705 dieamus,
1114 651 1256 708 perperam
1272 635 1348 691 lactis
1373 635 1525 690 irascimur.
1539 635 1669 690 ssctertrm
1685 631 1766 692 Deus.

967 730 1056 784 amnia
1082 730 1133 783 stult
1156 726 1348 798 tranquillitate
1364 725 1502 795 dijudicat,
1517 726 1577 794 quia
1593 725 1678 781 nescit
1694 740 1758 794 pes·

968 819 1128 873 tnrlrationis
1145 818 1278 873 sustinere
1291 817 1412 873 conluta.
1430 815 1680 871 Corrsnmmationern
1693 832 1760 873 rere

968 916 1041 971 illam
1056 916 1130 981 dicit,
1143 929 1222 983 quam
1238 910 1421 980 unusquisqne
1440 909 1550 980 patitur,
1567 908 1675 978 qrramlo
1699 923 1758 962 nte·

968 1022 1028 1062 mor
1053 1013 1223 1078 peccaturum
1248 1016 1357 1058 satorum
1389 1001 1493 1055 interna
1526 1014 1556 1052 se
1582 999 1761 1067 castigatione

968 1098 1123 1153 discruciat.
1135 1096 1194 1150 Non
1206 1102 1281 1149 eraut
1296 1092 1386 1162 utique
1397 1089 1514 1159 superlsi,
1527 1088 1589 1143 ditm
1600 1103 1646 1141 eos
1653 1097 1761 1144 constet

968 1191 1001 1242 ad
1025 1188 1182 1242 hamilitatis
1197 1183 1379 1255 poeaitentiam
1395 1195 1455 1236 esse
1470 1189 1606 1235 tenturos.
1620 1175 1760 1248 Sequitur,

969 1287 992 1333 et
1004 1280 1083 1332 scient
1093 1278 1153 1348 qaia
1169 1273 1238 1330 Deus
1246 1274 1418 1329 dorrrinolritur
1432 1270 1522 1332 lecal,
1534 1280 1558 1325 et
1570 1271 1661 1340 finiunt
1672 1279 1760 1327 terrm.

972 1370 1038 1425 Cura
1052 1369 1136 1423 ludaei
1153 1366 1251 1421 irterint
1272 1363 1387 1434 perlecta
1400 1363 1529 1433 religione
1540 1362 1672 1416 veraciter
1684 1362 1762 1426 iasti-

969 1463 1029 1527 tnti‚
1047 1467 1110 1515 tuac
1134 1468 1281 1530 agitassent
1295 1457 1430 1510 illiristom
1449 1455 1588 1509 Dominnnr
1604 1467 1666 1509 esse
1677 1452 1762 1509 sana

971 1550 1128 1621 patriarchae
1155 1549 1207 1611 sni,
1231 1546 1303 1617 quod
1323 1548 1447 1615 primsstas
1474 1560 1527 1599 noa
1546 1545 1705 1599 credebant.
1728 1544 1763 1599 Et

127 1655 248 1724 quamtis
266 1653 450 1709 animoserba
466 1651 653 1719 ipsiusteoere
668 1648 800 1704 rideatur.
821 1647 919 1702 Preca-
970 1644 1060 1714 pariam
1082 1652 1166 1707 tarn,
1191 1640 1217 1695 id
1241 1647 1282 1695 est
1304 1638 1445 1696 castaliam
1466 1637 1603 1702 sceleste,
1629 1652 1689 1707 qua
1705 1643 1762 1690 toto

127 1756 172 1801 tur
185 1760 248 1815 erqo
262 1759 295 1799 ne
310 1758 375 1814 gens
387 1742 541 1799 ludaeorum
553 1740 671 1795 funditus
687 1723 789 1810 pereat,
802 1737 850 1792 sed
864 1753 919 1791 ma-
971 1735 1037 1788 orbe
1049 1732 1144 1787 dilicta
1158 1740 1210 1797 est,
1229 1728 1299 1800 quad
1315 1729 1395 1784 uredo
1420 1728 1516 1782 durata
1537 1727 1619 1782 corde
1638 1738 1691 1782 nott
1717 1742 1763 1783 sa·

127 1839 168 1907 pis
182 1852 287 1894 errasse
298 1853 328 1892 se
342 1837 461 1907 gloriosa
472 1834 655 1891 satisfactione
669 1845 823 1903 cognoseat.
838 1832 921 1888 Aridi·
938 1827 963 1890 B
977 1824 1062 1894 priuos.

128 1927 178 1994 dit,
200 1928 317 1999 disperqe
336 1927 395 1982 illos
408 1928 435 1982 in
454 1927 548 1982 uirtute
571 1934 627 1983 tna.
651 1927 688 1981 De
700 1925 802 1982 tolete
816 1922 868 1980 ime
881 1924 924 1980 di·
1010 1926 1086 1981 ilcrs.
1104 1924 1146 1979 te.
1163 1922 1346 1978 conculcatur
1359 1921 1393 1974 acl
1406 1934 1544 1989 uesperam,
1559 1927 1583 1974 et
1607 1922 1704 1988 sconem
1716 1934 1763 1989 ps·

128 2030 201 2076 ctum
222 2029 334 2076 testatur
357 2036 450 2076 eoram
473 2019 543 2074 lacta
566 2019 713 2088 dispersio,
740 2026 766 2072 ιιι
788 2032 856 2087 pene
876 2030 923 2086 per
973 2018 1104 2071 tientsrut
1118 2029 1202 2079 coner,
1217 2020 1242 2066 et
1265 2010 1407 2066 circuibunt
1420 2010 1556 2063 ciuitatem.
1573 2008 1637 2064 Post
1650 2008 1764 2066 secundi

120 2120 214 2173 ,totum
227 2112 355 2167 arandum
379 2112 459 2168 dirisi
474 2111 642 2182 dispersique
659 2110 838 2166 declarentur.
855 2109 923 2164 Naar
973 2107 1155 2178 diaplasmatis
1177 2104 1400 2174 interiectionem,
1427 2101 1460 2157 ad
1482 2102 1634 2171 ingressum
1650 2102 1768 2179 tertiora

130 2202 309 2271 quamvisjuri
322 2202 389 2274 led„
401 2199 476 2272 jugo}
488 2201 610 2256 Romano
628 2201 683 2257 sint
696 2200 804 2266 subditi,
820 2215 869 2254 suo
884 2210 923 2256 ts·
973 2203 1047 2257 venit
1060 2218 1068 2256 :
1081 2200 1232 2254 obliturum
1245 2197 1385 2252 conversio
1395 2194 1548 2251 luteorum
1560 2201 1588 2250 et
1599 2194 1765 2253 resurreetio

130 2305 193 2346 men
217 2305 292 2346 more
307 2292 397 2345 vivont
417 2292 515 2362 obiqne
529 2292 654 2361 dispersi.
670 2290 727 2347 lloc
745 2299 805 2347 est:
829 2289 871 2346 Ne
881 2307 924 2344 or·
974 2292 1080 2349 Domini
1094 2291 1241 2349 saltatoris
1255 2288 1417 2345 ostenditur.
1447 2286 1481 2342 Et
1504 2285 1631 2355 quonism
1645 2297 1770 2362 praesens¹

130 2381 223 2435 rideris
233 2396 293 2447 ιιι,
306 2395 366 2435 nant
376 2384 397 2436 si
410 2381 535 2447 luissent,
547 2393 577 2436 at
592 2382 774 2444 merebantur,
788 2381 924 2447 exstincti,
976 2401 1080 2452 rrirsos,
1103 2385 1146 2455 qui
1161 2386 1188 2441 ia
1202 2383 1319 2440 secunda
1332 2389 1407 2453 parte
1428 2380 1483 2450 jem
1496 2378 1599 2448 positus
1611 2387 1653 2433 est
1668 2374 1765 2433 iisdem

132 2484 195 2538 spes
221 2470 407 2529 conversionis
427 2487 520 2528 earnm
542 2472 659 2528 funditus
679 2472 834 2527 interiisset.
864 2470 925 2525 Dis·
974 2477 1129 2545 ,θῶμαι
1141 2490 1194 2530 mm
1204 2476 1262 2545 ipso
1273 2472 1408 2531 applicem
1419 2470 1558 2539 reperitur,
1570 2467 1642 2539 quoq
1651 2467 1680 2523 pn
1689 2465 1765 2523 serp.

132 2563 199 2631 persi
214 2577 277 2632 erpo
292 2574 352 2617 sunt
364 2562 461 2629 lodari,
474 2563 532 2619 sire
547 2573 576 2617 nt
586 2563 618 2617 acl
632 2563 816 2618 conversionis
829 2576 925 2632 proso·
974 2568 1059 2640 ptoris
1082 2564 1182 2620 diuinis
1196 2565 1284 2620 inesse
1309 2577 1382 2634 saepe
1403 2563 1457 2632 iant
1479 2562 1610 2618 diximus.
1628 2560 1676 2617 ille
1690 2559 1766 2615 etrite

131 2660 258 2708 careatur
271 2652 375 2718 stadim
392 2668 439 2709 seu
454 2653 536 2720 (sicut
549 2653 657 2722 quidam
682 2652 784 2721 volunt)
807 2660 837 2707 ul
855 2650 925 2706 inter
976 2660 1078 2730 primus
1092 2659 1207 2729 pertinet
1222 2657 1255 2712 ed
1266 2657 1345 2711 linem
1360 2655 1460 2735 saepti,
1476 2656 1527 2711 iste
1537 2654 1569 2710 ad
1582 2655 1688 2709 Domini
1704 2668 1766 2723 psc-

132 2745 319 2799 contentiones
340 2745 539 2811 hereticorum,
564 2745 597 2800 ab
618 2745 731 2799 inimicis
752 2744 808 2799 suis
827 2744 924 2799 ueteris
974 2751 1145 2816 espirewic
1157 2749 1228 2804 enim
1244 2757 1416 2816 utrorumque
1430 2745 1568 2815 sequentia
1580 2744 1767 2811 marrilestaat,

133 2833 199 2902 lepis
211 2843 331 2902 paratum
347 2835 529 2889 testimoninm
547 2835 658 2890 liaberet
672 2833 805 2901 Ecclesia;
819 2835 882 2889 dota
893 2833 924 2888 il·
974 2850 1003 2900 pr
1017 2840 1233 2896 ergosecundum
1245 2853 1339 2894 causas
1353 2838 1494 2908 praedictas
1513 2852 1605 2893 aarum
1618 2845 1662 2893 est
1676 2836 1768 2892 inten-

133 2923 177 2978 lad
199 2925 382 2982 indubitanter
406 2927 535 2996 creditur,
558 2928 629 2997 quod
655 2926 809 2982 aduersario
827 2927 924 2983 sotira·
976 2927 1246 3000 tioperquirentla.ln
1262 2928 1392 2996 superiori
1409 2926 1766 2999 euimdirisianeoesperast

133 3025 214 3086 qanta
240 3016 373 3073 armatur.
399 3018 534 3088 Sequitur,
559 3030 583 3072 et
603 3018 706 3072 destrue
724 3033 778 3083 eoa,
799 3027 926 3085 prosector
976 3020 1095 3076 diximus
1117 3019 1196 3075 linem
1220 3019 1311 3075 saeculi
1338 3019 1505 3090 siqnilleare;
1527 3016 1574 3071 setl
1599 3016 1641 3071 irie
1660 3016 1768 3073 initiunt

134 3120 203 3159 urens
212 3104 330 3161 Domine.
345 3105 440 3163 adlrue
461 3108 487 3161 in
502 3107 595 3162 iisdem
610 3109 848 3178 supplicationibus
864 3125 925 3179 per·
977 3112 1064 3183 ipsum
1088 3118 1171 3165 sertae
1198 3113 1285 3165 atatis
1307 3110 1467 3177 ostenditur,
1484 3108 1555 3178 qttotl
1581 3117 1624 3165 est
1647 3123 1767 3174 uespera,

134 3202 249 3261 severat,
266 3205 296 3250 ot
309 3198 432 3251 destructi
457 3197 541 3252 Judaei
556 3198 584 3253 ia
607 3200 701 3254 melios
724 3209 923 3269 construantur,
937 3190 961 3254 C
977 3202 1084 3272 qnando
1099 3200 1225 3255 Dominus
1238 3202 1363 3259 Salvator
1377 3200 1476 3254 mundo
1499 3197 1626 3251 salutaris
1640 3195 1765 3251 advenit.

135 3283 222 3353 sitque
235 3285 361 3340 striaturis
374 3286 487 3342 elevatio
503 3297 561 3357 post
573 3289 688 3344 ruinam.
703 3289 761 3344 Non
771 3293 842 3346 enisu
858 3291 926 3346 l‘att·
976 3295 1022 3350 Sic
1039 3292 1110 3348 caim
1124 3291 1159 3346 de
1182 3290 1240 3361 ipso
1255 3291 1321 3346 dicit
1335 3290 1441 3360 ttoyses
1457 3307 1464 3343 ι
1480 3288 1607 3343 (laudetis
1620 3303 1721 3360 oqasrn
1735 3285 1769 3343 sd

138 3376 180 3431 lus
193 3378 329 3445 apostolos
344 3389 498 3435 surrexerat
519 3380 552 3434 ad
572 3381 695 3447 salutem,
713 3382 763 3437 nisi
782 3381 817 3437 ad
831 3397 924 3440 rocem
976 3401 1105 3454 saperem
1128 3381 1226 3457 (Esou.
1242 3397 1291 3448 sn,
1315 3381 1359 3451 o);
1383 3388 1443 3450 post
1459 3379 1535 3448 cujns
1559 3378 1768 3433 resurrectionis

136 3467 240 3522 Domini
254 3468 348 3524 cadere
359 3470 511 3524 meruisset.
978 3478 1137 3532 miraculum
1148 3473 1288 3529 raultitudo
1300 3471 1581 3528 crediditlodaeorum.
1594 3468 1732 3538 Seqmrur,
1745 3474 1769 3523 ιι

174 3562 250 3632 197
264 3560 342 3618 uere.
351 3564 392 3618 le.
410 3561 508 3617 Delicta
523 3563 574 3616 oris
588 3576 685 3631 eornm,
698 3578 781 3618 sermo
795 3564 919 3619 loliorum

135 3654 259 3724 ipsorum,
278 3662 301 3706 et
322 3652 568 3722 comprehenduntur
586 3654 613 3706 in
639 3655 758 3723 superbia
780 3672 843 3722 sna,
859 3666 882 3709 et
895 3656 928 3710 de

136 3746 308 3800 exsecratione
328 3755 351 3799 et
375 3745 508 3798 mendacio
520 3742 667 3800 evellentur.
693 3744 792 3799 Delicta
815 3748 867 3800 oris
882 3762 925 3801 eo·

136 3849 206 3900 runt,
223 3833 303 3889 idest
329 3834 519 3904 cogitationum
544 3834 654 3890 insanie
681 3837 796 3900 luerunt,
820 3837 927 3907 quando

138 3923 280 3979 consilium
296 3922 416 3980 lecerunt
429 3935 458 3979 ot
472 3924 531 3980 aeci
555 3927 691 3981 traderent
711 3927 854 3982 Dominum
869 3927 929 3983 Snl·

139 4023 270 4069 vaterem.
286 4013 377 4069 Sermo
387 4028 491 4085 quoque
504 4014 628 4071 loliorum
639 4018 751 4084 ipsorum
764 4017 928 4073 detestabilis

139 4101 200 4168 latit,
213 4104 318 4174 quando
329 4105 475 4163 dixerunt:
492 4107 560 4161 Reus
581 4116 617 4162 est
633 4109 719 4161 mortis
733 4106 839 4178 (lluttlr.
854 4124 927 4176 ιιιι,

140 4195 197 4267 tte).
213 4193 246 4250 ln
260 4198 379 4267 asperata
387 4199 558 4269 comprehensi
569 4211 639 4265 suut,
647 4200 753 4269 quando
765 4199 842 4254 iidem
853 4200 929 4255 Dixe-

139 4295 222 4342 runt:
238 4287 300 4352 Quis
315 4288 360 4340 tili
381 4287 451 4341 dedit
470 4287 536 4340 nane
550 4290 718 4357 potestatem?
732 4289 766 4342 tn
780 4292 806 4342 ia
820 4306 870 4357 quo
881 4306 928 4359 pa·

977 3573 1072 3638 [omem
1084 3567 1212 3637 potientur
1224 3575 1251 3619 ut
1262 3582 1346 3619 canes.
1360 3563 1449 3631 Canis,
1458 3563 1660 3618 voracissimum
1669 3560 1769 3621 animal

978 3669 1059 3728 atque
1072 3659 1263 3727 importunum,
1277 3656 1417 3712 consuerit
1430 3654 1490 3709 illas
1505 3652 1599 3708 domos
1624 3653 1767 3707 latratilros

979 3748 1121 3805 delendere
1134 3748 1163 3802 in
1175 3747 1272 3817 qnilttrs
1295 3741 1453 3801 edacitatem
1480 3758 1555 3799 snam
1571 3746 1645 3798 norit
1657 3751 1770 3813 accepto

979 3856 1047 3910 pane
1056 3840 1158 3895 satiari.
1168 3839 1216 3894 ilis
1224 3838 1320 3893 merita
1327 3845 1518 3908 comparantur
1529 3835 1626 3899 Jutlaei,
1635 3834 1681 3903 qui
1692 3832 1770 3888 Clsri-

980 3932 1073 3985 stiaaac
1087 3930 1148 3985 ltdei
1164 3943 1274 3985 munere
1288 3926 1412 3998 s'aqioati,
1431 3927 1577 3984 Ecclesiam
1589 3924 1637 3980 Dei
1650 3924 1769 3980 clamosa

980 4022 1170 4091 praedieatione
1182 4020 1327 4075 defendere
1340 4018 1515 4082 festinabunt;
1530 4016 1598 4071 sicut
1611 4015 1769 4084 uatrtospo·

980 4111 1050 4166 stolo
1062 4111 1184 4180 contigit,
1198 4119 1227 4165 ut
1242 4109 1287 4180 qni
1308 4121 1370 4165 ante
1388 4110 1435 4163 istit
1450 4118 1606 4180 persecutor
1617 4107 1768 4164 Clrristiani

981 4200 1106 4264 nominis,
1123 4208 1215 4269 postea
1228 4198 1318 4253 (lirino
1332 4213 1443 4254 munere
1455 4200 1614 4268 jungeretur
1628 4198 1772 4268 apostolis.

981 4293 1098 4360 addidit,
1113 4302 1137 4347 et
1163 4294 1305 4348 circuibunt
1329 4295 1465 4348 ciuitatem.
1479 4294 1620 4350 Civitatem
1634 4295 1771 4364 signifieat

141 4385 230 4431 testnte
240 4377 294 4432 loec
307 4379 370 4448 focis
381 4378 476 4447 (laid,
491 4395 548 4446 ιιι,
558 4380 622 4450 til?
634 4381 731 4451 Captos
742 4385 813 4437 euim
824 4390 930 4439 constat
980 4385 1210 4454 renuentemque
1237 4386 1424 4441 uniuersaliter
1442 4400 1489 4455 per
1505 4384 1635 4439 mundum
1650 4387 1772 4441 nascitur

140 4467 168 4521 in
183 4466 301 4538 snperato
315 4483 372 4534 sno,
384 4468 489 4537 quando
499 4470 622 4525 uiderunt
633 4481 722 4540 postea
733 4483 927 4543 resurgentem,
981 4492 1041 4533 esse
1053 4475 1158 4531 diffusa.
1174 4475 1248 4531 llarm
1272 4490 1336 4547 erqo
1348 4478 1468 4531 circuisse
1489 4475 1616 4541 Paulum,
1636 4476 1771 4533 salutares

142 4571 221 4628 qnam
234 4558 306 4627 prius
321 4557 465 4614 facientem
479 4560 606 4615 miracula
614 4573 783 4632 respuerunt.
791 4565 927 4634 Sequitur,
943 4564 968 4624 D
981 4570 1073 4641 generi
1084 4571 1339 4625 humauotestantur
1351 4567 1488 4639 Epistulae,
1501 4583 1562 4638 quae
1571 4582 1619 4636 per
1628 4569 1773 4624 nnirersss

35 4712 40 4723 Ι
140 4658 165 4706 et
177 4649 208 4703 de
221 4652 560 4706 ememutioneetrnendscio
571 4653 721 4721 eoetleutnr,·
731 4655 834 4711 scillcet
846 4673 929 4727 qrrarr·
980 4672 1073 4732 pentes
1088 4662 1250 4717 salutauerat
1271 4661 1361 4717 divina
1383 4670 1538 4718 tonuerunt,
1552 4660 1575 4717 0
1590 4677 1680 4716 cesam
1692 4662 1773 4717 iarum

141 4740 178 4797 do
188 4741 223 4796 ab
232 4743 272 4796 eis
283 4753 342 4812 post
351 4743 553 4800 conversionem
569 4745 687 4801 dedecus
699 4758 847 4815 amovetur,
857 4748 927 4818 quod
980 4751 1103 4818 pratum!
1129 4752 1174 4821 qni
1198 4752 1312 4821 popotos
1336 4755 1503 4823 persequitur
1528 4752 1674 4821 infideles,
1699 4753 1774 4810 iores

140 4833 168 4886 in
183 4832 287 4888 cunetis
298 4831 421 4903 pendeus
433 4847 504 4890 aunc
518 4834 617 4892 habere
631 4847 786 4892 nosscuntur.
804 4837 841 4893 De
858 4855 929 4896 oren·
979 4843 1072 4914 abigit,
1093 4850 1122 4896 et
1140 4843 1221 4896 osilia
1243 4853 1335 4897 sancta
1357 4845 1712 4912 aristodit;cu1'uslatratus
1724 4861 1772 4917 per

140 4924 214 4978 dacio
238 4925 319 4979 iidem
344 4927 490 4993 evellentur,
521 4931 626 4999 qrrando
647 4932 799 5002 Scripturas
821 4935 925 4992 diuinas

140 5015 230 5070 ueraci
241 5015 435 5073 illuminatione
444 5023 627 5089 cognoverint,
639 5037 705 5092 quas
716 5039 785 5078 tutuc
799 5025 925 5083 subsalsa

62 5132 65 5138 ·
139 5104 529 5177 interpretationesuscipiunt.

175 5197 252 5264 l'crs.
270 5196 313 5253 ll.
331 5195 364 5280 ln
383 5199 422 5251 iro
437 5200 662 5256 consolamentionis
682 5211 704 5255 et
726 5219 776 5255 non
799 5216 888 5272 eruat,·
903 5216 927 5261 et

139 5287 219 5344 scieru
231 5288 293 5359 qnia
316 5290 386 5344 Deus
407 5290 577 5344 dominolitm
591 5290 683 5357 local,
699 5302 722 5346 et
735 5294 827 5361 pluium
841 5304 925 5351 terrac.

140 5375 188 5432 Ira
200 5377 306 5433 Domini
321 5378 426 5434 duobus
447 5379 545 5434 dicitur
558 5381 663 5436 medis:
680 5383 737 5438 sire
751 5386 856 5455 quando
869 5388 928 5440 virt·

140 5469 252 5526 dicatsd
262 5471 386 5536 salutem,
400 5481 481 5528 utest
496 5473 559 5527 illud
577 5490 584 5526 ι
601 5471 730 5546 Floqellut
740 5477 813 5532 euim
828 5494 927 5532 ominem

141 5565 224 5637 plinta
236 5584 311 5637 qsens
322 5571 413 5638 recipit
426 5567 521 5641 (aeas.
540 5585 586 5636 ιιι,
602 5569 647 5640 6);
661 5571 718 5626 sita
730 5575 836 5641 quando
848 5574 928 5629 nrittit

141 5656 169 5714 ia
180 5660 267 5729 iguem
280 5662 463 5726 aternumde
475 5661 603 5733 quoalius
614 5663 733 5732 psalmus
745 5666 783 5719 ait
792 5683 798 5718 :
807 5663 925 5733 Danaae,

136 5764 173 5804 ae
188 5753 216 5807 irs
229 5754 266 5805 irn
279 5760 324 5807 tun
336 5766 431 5824 arpenas
444 5766 494 5818 rae,
507 5770 586 5825 neque
597 5755 624 5810 t'n
638 5756 726 5826 [urere
745 5765 789 5812 tuo
803 5757 928 5826 corripias

978 4943 1062 4987 totum
1075 4933 1203 4988 mundum
1214 4933 1290 5004 qnasi
1306 4935 1467 5003 grandisona
1480 4934 1541 4990 tuba
1553 4936 1728 5004 correrepuit.

1016 5035 1091 5092 Vere.
1117 5036 1161 5092 te.
1179 5035 1234 5107 Ipsi
1249 5037 1428 5107 disperqentur
1443 5039 1477 5092 ud
1497 5038 1726 5104 manducandum
1751 5042 1775 5096 si

978 5142 1100 5182 serenan
1115 5128 1209 5197 fuerint
1223 5128 1342 5195 saturati,
1358 5138 1382 5183 ιι
1407 5130 1614 5183 rarrrmurulnnt.
1637 5129 1684 5185 lati
1709 5146 1775 5198 erpa

979 5218 1123 5285 quiveram
1140 5228 1297 5273 meruerunt
1323 5218 1421 5273 habere
1436 5218 1598 5283 doctrinam,
1613 5220 1648 5273 ad
1663 5220 1776 5276 munds·

979 5308 1089 5362 canadam
1105 5308 1299 5378 disperqantur,
1315 5309 1403 5365 cilium
1430 5311 1533 5366 scilieet
1545 5311 1735 5381 spiritualem
1746 5324 1777 5370 ιιι

980 5406 1171 5451 eorrtertantor
1186 5408 1279 5467 gentes
1302 5399 1335 5453 ad
1350 5401 1428 5455 tidem
1439 5401 1598 5456 catltolicam
1614 5404 1775 5467 uenientesz

981 5487 1052 5541 siout
1067 5485 1148 5541 Petro
1158 5490 1280 5557 apostole
1292 5490 1318 5545 ia
1330 5490 1539 5546 visioaedictum
1554 5502 1596 5547 est
1615 5509 1621 5547 :
1638 5493 1739 5558 Horta,
1751 5507 1778 5551 et

981 5579 1107 5637 rtrurtdnca
1124 5578 1192 5650 (Act.
1213 5597 1240 5645 s,
1258 5581 1313 5652 te).
1336 5581 1474 5654 Sequitur,
1500 5584 1522 5638 ιι·
1544 5600 1602 5639 aero
1615 5601 1669 5640 nors
1680 5590 1778 5657 fuerim

982 5667 1099 5732 sutrrrotr‘,
1113 5676 1135 5720 et
1149 5670 1353 5725 murmtrrodtmt.
1366 5672 1524 5728 Sotnroatur
1537 5674 1676 5738 doctores.
1688 5695 1777 5748 quatt-

982 5757 1017 5811 ιιι
1027 5758 1303 5828 praedicatioaessoas
1322 5761 1438 5820 uiderint
1451 5763 1564 5836 populos
1582 5764 1777 5828 desideranter
