3802 6120
582 308 766 366 Extosttto
785 306 818 362 ΙΝ
839 305 1071 365 Psactttttob.
1091 304 1190 365 PSAL.
1210 308 1323 366 exttlt.

1714 309 1768 369 863

118 422 184 488 seria
198 421 241 479 ies
257 430 302 477 tere
322 421 456 477 meditatio
469 435 524 475 arta
546 430 593 482 eat.
618 420 790 477 sufficienter
807 423 957 489 captes-A
974 421 1094 475 atimeuia
1110 431 1173 488 tne,·
1188 436 1257 491 quos
1273 420 1352 474 lectio
1361 418 1469 488 quddcur
1484 418 1576 476 diriua
1587 419 1642 491 jure
1658 419 1766 495 tribuit,

120 528 187 567 sum
206 522 248 567 est
263 513 328 583 qnid
345 528 393 582 per
415 510 628 566 misericordiam
648 511 754 566 Domini
770 524 920 579 cousequa-

119 622 198 673 rnur,
215 607 295 661 uitam
310 607 412 661 scilicet
426 614 566 660 aeternam.
580 603 648 658 llam
664 618 725 659 cunr
737 603 807 659 istud
817 603 867 658 sibi
878 601 920 658 di·

118 705 199 753 ecret
211 711 272 751 esse
287 695 470 762 tribuendum,
486 692 631 762 postulauit
644 702 674 748 ut
692 694 824 750 ueraciter
839 694 920 748 ninere

118 799 292 852 rnet·erctur;
316 786 378 855 quia
399 787 457 840 sola
475 786 519 839 iiia
543 784 612 840 bene
633 783 733 839 dicitur
751 785 817 848 rita,
839 797 919 852 quam

119 895 175 932 nee
188 879 311 935 molestia
326 880 377 933 ulia
399 878 537 944 sollicitat,
553 894 604 934 nec
622 894 696 933 mors
711 887 835 948 suspecta
853 891 920 931 cen-

121 971 236 1037 tristat3
251 972 285 1028 de
297 987 350 1040 qua
362 973 387 1026 iu
400 971 544 1040 Erurtgelio
558 971 712 1026 dictumest
724 987 730 1024 :
745 969 776 1024 Si
786 969 824 1022 eis
835 968 920 1021 oerriae

117 1066 158 1119 ari
169 1066 256 1132 airam,
280 1080 353 1119 eeroe
373 1064 496 1117 materiata
509 1062 619 1133 (rorent.
635 1077 691 1131 tta,
712 1061 769 1132 il).
789 1060 845 1114 Nec
863 1072 921 1112 ruo-

120 1169 187 1210 ueat
206 1154 278 1226 quod
299 1171 352 1209 neu
367 1153 470 1208 addidit
481 1160 626 1218 aeteruatn;
641 1159 714 1207 tauta
728 1161 771 1207 est
789 1151 861 1205 enim
878 1149 919 1203 ris

118 1249 184 1316 eius
197 1246 325 1313 nominis,
340 1255 370 1301 ut
383 1262 444 1301 autu
456 1246 512 1300 sola
524 1244 576 1299 rita
587 1243 697 1309 dicitur,
714 1253 814 1298 aetertm
830 1241 920 1312 potins

119 1339 265 1395 sentiatur.
280 1338 355 1393 lianc
368 1353 434 1408 erqo
456 1337 539 1393 ritant
554 1335 620 1391 dicit
642 1350 672 1392 se
687 1336 788 1392 debere
807 1351 919 1405 prorue-

120 1430 190 1496 reri,
201 1427 262 1498 quia
275 1427 414 1483 meditatie
436 1427 493 1497 ejus
515 1427 593 1483 bonis
608 1428 809 1482 monstrabatur
827 1427 919 1496 operi·

972 512 1019 569 sed
1042 513 1155 568 nerdnnr
1172 528 1255 584 opera
1279 513 1404 567 salutaris
1425 511 1560 566 iustruxit.
1581 510 1769 569 Ceaoertattttte

971 604 1043 657 euim
1066 601 1100 656 de
1115 603 1243 672 perfertis
1264 616 1316 655 non
1333 600 1516 672 poteratdici,
1538 601 1584 670 qui
1606 609 1633 655 et
1653 601 1769 659 lecticae

970 706 1058 756 sacra,
1075 703 1101 746 et
1118 692 1160 760 pia
1171 691 1328 760 operatione
1342 690 1488 761 fulgebant.

1008 782 1087 838 Vets.
1102 781 1146 837 80.
1165 781 1226 838 Fiat
1246 797 1291 835 eor
1306 799 1388 836 areant
1405 782 1598 836 itrrnracuiotam
1618 781 1644 834 ia
1660 782 1711 837 tar'e
1720 782 1769 855 jut-

971 875 1179 941 autoramentum,
1192 885 1220 929 at
1235 892 1285 929 aen
1305 876 1463 945 rerrfandar.
1480 875 1529 929 Cor
1543 890 1621 929 sutrtn
1644 876 1769 931 immactt·

972 969 1054 1020 iatum
1070 970 1134 1036 petit
1150 969 1207 1038 fieri
1229 954 1587 1038 peccator-nurremissione,
1606 982 1658 1021 non
1676 966 1766 1024 metiti

970 1057 1110 1128 qttaiitate.
1129 1058 1195 1113 Nom
1210 1059 1277 1113 sicut
1291 1059 1317 1113 in
1335 1058 1466 1128 principio
1483 1058 1578 1127 psalmi
1592 1057 1692 1113 dictum
1704 1067 1765 1116 cai:

970 1148 1021 1205 Cui
1032 1162 1170 1220 peceatum
1180 1168 1257 1206 soum
1269 1151 1426 1219 dimittitur,
1440 1153 1499 1208 sine
1510 1151 1676 1208 dubitatione
1689 1166 1768 1208 mun·

970 1242 1063 1307 datur;
1085 1258 1134 1299 ncc
1158 1253 1245 1312 potest
1260 1243 1333 1297 iilam
1355 1243 1451 1298 stulartr
1474 1243 1585 1299 induere
1607 1244 1766 1313 nuptialem,

971 1336 1021 1390 trial
1036 1339 1080 1406 qui
1097 1354 1144 1406 per·
1157 1336 1274 1390 divinato
1290 1337 1403 1406 gratiam
1420 1335 1595 1406 indulgentiae
1611 1335 1709 1392 metuit
1721 1348 1763 1391 ac·

971 1427 1062 1497 cipere
1083 1426 1237 1494 puritatem.
1253 1426 1291 1482 lbi
1307 1426 1379 1481 eninr
1395 1426 1469 1482 solus
1489 1427 1535 1482 ilic
1557 1442 1609 1483 rrou
1624 1426 1766 1483 conlundi·

971 1528 1025 1584 tur,
1038 1518 1081 1574 cui
1096 1529 1205 1589 peccata
1220 1518 1363 1574 donantur.
1378 1517 1412 1572 Et
1427 1518 1537 1574 intende
1551 1519 1621 1589 quod
1638 1530 1698 1589 post
1713 1518 1767 1575 tir·

970 1619 1041 1664 tutes
1055 1611 1168 1664 etirtrias
1182 1611 1280 1664 elnotus
1295 1607 1342 1665 itte
1352 1617 1507 1665 narratorum
1523 1628 1566 1666 cer
1580 1626 1659 1666 suum
1672 1613 1766 1669 intene-

970 1704 1086 1754 eaiaram
1098 1701 1156 1768 fieri
1167 1700 1336 1769 deprecatur,
1350 1710 1377 1754 ut
1393 1700 1481 1756 nullus
1501 1700 1640 1756 bominum
1655 1718 1767 1772 praeau-

121 1523 177 1579 bos
190 1532 331 1592 occupata.
349 1522 414 1577 liam
428 1523 618 1576 nereditatteaem
632 1520 735 1576 iricnon
748 1520 833 1576 seiam
847 1519 920 1574 acei-

120 1617 182 1687 pias
201 1616 355 1684 lectionem,
381 1614 429 1669 sed
452 1615 538 1683 arogis
557 1627 640 1682 opera
653 1612 729 1681 lepis.
745 1611 803 1665 lieu
828 1623 918 1666 auten

121 1723 173 1777 pce
187 1708 265 1762 istam
279 1708 365 1763 selant
388 1708 579 1761 meditationem
605 1705 677 1761 beati
700 1705 843 1768 cilicinum,
858 1720 918 1774 quc

120 1798 247 1853 lectionis
267 1798 428 1870 repetitione
452 1805 596 1862 tractatur,
618 1796 662 1850 illa
691 1797 763 1851 enim
786 1797 918 1850 meditatio
933 1807 958 1869 Β
973 1804 1068 1856 areret,
1081 1790 1152 1861 quod
1176 1793 1260 1846 soiaru
1273 1788 1374 1847 Cbristi
1391 1791 1496 1863 Dounitri
1515 1793 1640 1850 babuisse
1662 1808 1765 1851 certum

120 1891 216 1944 ira-ates
235 1888 310 1954 iacit,
331 1903 391 1959 quae
412 1887 540 1958 operibus
562 1887 664 1942 saneris
687 1887 818 1942 emiorum
834 1901 916 1958 regna
971 1892 1013 1939 est
1027 1882 1210 1938 strictitatem.
1226 1882 1292 1938 llam
1307 1885 1352 1953 qui
1377 1884 1517 1941 consessus
1539 1886 1627 1942 iuerat
1642 1886 1766 1945 nauibus

120 1980 268 2050 conquirit,
280 1980 349 2034 siant
362 1979 509 2049 apostotus
527 1978 612 2033 dicit:
628 1975 691 2031 Nan
704 1977 772 2032 euim
786 1979 917 2033 anniterer
968 1988 998 2030 se
1016 1974 1121 2029 bertuini
1139 1974 1237 2030 iactum
1252 1987 1333 2047 atque
1345 1975 1517 2046 plasmatum,
1534 1977 1579 2049 qui
1595 1978 1764 2036 irutniiiatum

120 2072 186 2142 iaqia
196 2072 262 2144 jasti
277 2080 336 2125 rant
354 2072 424 2141 apud
439 2068 533 2136 Deam,
553 2069 597 2124 ted
613 2068 724 2138 {actores
739 2068 802 2139 leqit
815 2068 917 2139 iaetifi·
965 2063 1040 2136 juste
1053 2081 1083 2120 sc
1096 2065 1202 2121 dixerat
1216 2066 1249 2121 ad
1263 2067 1442 2124 creberrimas
1458 2069 1610 2139 passiones,
1622 2071 1668 2142 qui
1684 2086 1762 2127 eret·-

120 2162 346 2234 eabrurtarillom.
359 2176 389 2225 ιι,
405 2160 461 2231 ib).
967 2157 1112 2211 citatusest
1125 2156 1153 2210 iu
1172 2157 1304 2212 mandatis
1321 2157 1437 2230 ilenrini,
1453 2161 1480 2215 in
1500 2160 1560 2230 ejus
1579 2177 1686 2232 quoque
1704 2163 1764 2234 lege

160 2254 235 2310 l'ers.
258 2254 303 2309 tt.
319 2253 517 2324 Carriontiurrtar
536 2251 648 2323 reperii,
664 2252 725 2323 qaia
739 2253 833 2324 injuste
852 2250 915 2324 [ure.
968 2250 1121 2315 nieditatus,
1147 2267 1201 2305 narn
1224 2251 1304 2307 audet
1326 2252 1416 2308 dicere
1430 2254 1624 2308 immacalatam
1648 2270 1691 2309 cer
1709 2255 1762 2311 sibl

119 2345 157 2402 G.
173 2354 201 2401 ct
215 2345 271 2411 cd.,
288 2343 390 2415 irrjaetil
405 2345 566 2414 iniquitatem
582 2345 796 2413 (acerentinum,
812 2358 858 2414 epe
869 2358 918 2396 atr·
967 2356 1045 2408 cssc;
1058 2344 1104 2397 scri
1120 2328 1191 2412 'petit
1211 2353 1240 2400 ut
1253 2346 1298 2399 ilat
1318 2345 1390 2415 quod
1404 2346 1518 2401 necdum
1535 2348 1562 2402 itt
1577 2347 1621 2404 itta
1642 2363 1765 2403 resurre-

73 2446 81 2459 ·
119 2446 173 2489 teau
189 2435 321 2489 excreabor
340 2434 367 2488 in
387 2433 516 2487 maundaria
537 2435 598 2489 tais.
613 2433 671 2489 lion
696 2433 822 2488 conuenit
844 2432 915 2502 plebi
967 2434 1058 2489 ctione
1074 2445 1240 2505 perceperat,
1255 2435 1299 2491 ubi
1315 2438 1433 2493 audituri
1444 2450 1506 2493 suut
1523 2457 1529 2492 ι
1547 2438 1645 2505 lleaito,
1657 2440 1763 2494 bemi-

119 2532 221 2580 ιιι-ιιι
235 2525 261 2578 in
277 2525 446 2579 adversarius
461 2539 525 2579 suns
546 2523 745 2579 maledictionis
761 2532 823 2579 uoto
838 2523 912 2596 [rate.
967 2526 1002 2579 eti
1017 2523 1103 2579 Patria
1127 2529 1187 2592 urei,
1203 2529 1326 2600 percipite
1345 2545 1451 2600 requam
1465 2531 1534 2600 qnod
1554 2531 1624 2585 robis
1644 2542 1764 2603 paratam

119 2618 168 2683 ab,
182 2616 228 2683 tt,
241 2615 289 2681 tl,
303 2616 388 2687 urrato]
406 2616 540 2687 prosilire,
555 2632 616 2672 cunr
631 2618 690 2687 ipsc
702 2617 793 2673 dicat:
809 2616 916 2688 Dr'it'qite
967 2625 1005 2671 eet
1024 2619 1056 2672 air
1071 2619 1144 2672 initio
1166 2619 1255 2673 mantii
1276 2620 1383 2690 (allatii.
1401 2638 1463 2691 ιιι,
1488 2624 1546 2694 δι),
1569 2634 1623 2680 etc.
1644 2624 1679 2679 tlt
1702 2625 1764 2682 vide

119 2708 236 2762 inirttieee
263 2717 369 2774 uestros,
392 2715 415 2760 et
441 2715 511 2760 etate
531 2722 577 2776 pre
604 2707 821 2761 ceiotrtttiantiirrte
845 2707 914 2762 eeirie
967 2708 1191 2777 qrrarnadnndnm
1211 2726 1293 2764 uuum
1317 2713 1429 2767 terbum
1445 2713 1561 2769 diuersis
1582 2715 1763 2771 cautsisadbi·
1821 2734 1824 2739 ·

119 2801 229 2872 (tiattlr.
240 2816 266 2868 r,
282 2801 339 2869 ii).
357 2801 532 2870 ipsequoque
543 2800 670 2870 subiecit,
683 2816 729 2871 eqo
744 2811 829 2854 aatem
841 2814 915 2855 eaer-
967 2797 1051 2853 bitum
1062 2808 1113 2853 cst.
1134 2798 1220 2871 Supra
1239 2801 1316 2871 petiit
1339 2803 1435 2872 inopius
1459 2804 1560 2861 tabee
1578 2806 1717 2875 corriurtdi,
1734 2816 1763 2863 et

119 2891 196 2947 celer
214 2891 241 2945 ιἰι
256 2891 385 2944 arantem
401 2897 462 2954 tate,
479 2897 508 2942 ut
521 2890 586 2944 rriiril
599 2905 661 2945 cunt
676 2901 771 2945 contra
795 2889 914 2960 requiam
968 2891 1157 2961 corrigantur,
1179 2907 1209 2948 sc
1226 2908 1288 2948 reto
1304 2893 1423 2963 postulat
1438 2910 1491 2950 rrert
1510 2895 1609 2952 debere
1623 2896 1761 2966 conlundi,

119 2984 217 3040 iecisse
227 2996 418 3047 cognosceres.
432 2982 497 3050 Sed,
517 2981 723 3053 coarsurrdaatar,
740 2981 773 3035 ad
789 2982 916 3037 emenda·
968 2992 997 3036 ut
1010 2982 1146 3037 interitum
1161 2982 1345 3038 datnrrationis
1358 2985 1465 3042 eradat.

119 3076 221 3130 barnem
245 3074 372 3144 pertinet,
396 3089 448 3129 ueu
464 3074 498 3129 ad
523 3075 683 3142 supplicium
707 3076 912 3142 sempiternum.
1002 3074 1080 3131 licis.
1105 3078 1195 3133 st·-
1211 3093 1248 3132 ιι.
1272 3076 1356 3133 Canu.
1379 3079 1479 3151 iieieeit
1501 3075 1528 3136 iri
1553 3082 1667 3137 aaiatare
1690 3092 1762 3138 tttttrrt

119 3164 197 3220 Tunc
212 3164 285 3221 euim
305 3163 471 3220 corescientia
488 3166 625 3234 peccantis
646 3165 714 3220 bene
733 3165 913 3234 eorrsarrditar,
928 3175 952 3240 c
967 3170 1054 3223 animo
1069 3185 1136 3237 ntro,
1150 3180 1173 3222 et
1187 3169 1214 3224 in
1224 3171 1337 3238 ¹teriam
1352 3182 1425 3226 taam
1444 3176 1545 3242 speravi
1561 3173 1637 3245 [tarsa.
1654 3177 1699 3239 A..
1716 3174 1760 3247 ib,

23 3290 26 3295 ·
118 3261 228 3330 quanda
246 3261 316 3316 mala
330 3261 441 3331 pristina
454 3262 563 3331 propria
575 3261 712 3316 voluntate
731 3260 911 3316 damnamur:

118 3364 149 3409 et
162 3355 256 3424 incipit
268 3354 357 3410 odbse
369 3353 439 3424 qued
459 3353 597 3408 ridebatur
619 3363 682 3407 aute
702 3351 824 3422 diligere.
842 3352 913 3407 istud

118 3446 204 3519 410
214 3448 285 3502 enim
298 3454 357 3501 etat
370 3446 512 3516 provenire
527 3444 660 3513 superbis,
681 3460 715 3499 ue
725 3444 827 3499 diutius
846 3444 912 3500 bac·

118 3540 197 3595 cbari
212 3539 321 3595 ansibus
335 3537 408 3612 [ares.
423 3537 468 3604 A„
482 3536 526 3602 lt„
545 3535 592 3602 F..
606 3533 710 3607 usibus]
725 3535 866 3591 rideantur
879 3536 914 3592 ii·

118 3631 212 3688 licitis.
230 3632 358 3703 Sequitur
379 3645 458 3686 causa
475 3629 621 3701 probabilis
643 3644 727 3699 quare
747 3629 850 3697 reperii
864 3633 914 3685 de-

118 3722 203 3779 beant
212 3725 337 3793 enatandi
344 3741 352 3787 ;
364 3723 477 3788 scilicet,
489 3723 550 3791 quio
566 3723 661 3793 injuste
675 3721 837 3792 iniquitatem
846 3723 914 3792 [ece-

118 3816 218 3870 reatin
231 3830 279 3870 me.
292 3815 443 3882 Quidenim
455 3814 580 3886 injustius
593 3813 646 3868 diei
661 3822 760 3883 petest,
772 3830 853 3884 quam
866 3830 914 3872 eoa

119 3906 192 3961 ralia
205 3907 329 3977 persequi
342 3906 387 3976 qui
402 3905 537 3961 mandatis
553 3904 713 3960 ridebantur
723 3906 914 3962 sacratissimis

118 3996 262 4067 occupatii
273 3997 411 4066 Sequitur,
424 4013 471 4067 eqo
493 3994 722 4050 antemeaaceoer
734 3996 763 4051 ia
785 3997 915 4051 retuadatis

117 4090 180 4144 teis.
193 4089 292 4144 Contra
305 4088 417 4144 insidias
436 4086 607 4143 inimicorum
633 4095 660 4141 et
674 4087 827 4156 superbiam
843 4101 913 4157 prm·

119 4180 223 4235 tumida
233 4195 264 4236 sc
277 4180 414 4250 iniquitate
427 4181 584 4249 jactantem,
604 4179 680 4249 ponit
692 4179 811 4235 salutare
826 4194 915 4235 reme·

116 4272 204 4341 dium,
221 4273 379 4329 exercitium
393 4273 486 4343 utique
498 4270 697 4326 mandaterum.
713 4270 770 4325 Non
786 4273 857 4325 enim
871 4271 916 4327 ad·

116 4379 213 4419 versus
227 4363 344 4435 perfides
361 4375 389 4420 ct
409 4363 533 4420 crudeles
553 4363 642 4433 aliqua
661 4362 842 4419 obluctatione
861 4379 913 4433 pu-

116 4456 222 4527 gnauit,
240 4466 286 4513 :rut
309 4458 451 4512 uerborum
473 4456 587 4526 litigiosa
610 4455 784 4511 contentione
805 4471 836 4510 se
860 4455 913 4509 tui-

966 3258 1009 3324 tt,
1026 3260 1222 3332 supersperaoi'l.
1242 3259 1416 3318 Undecimum
1430 3263 1547 3320 litteram
1562 3267 1761 3337 peregrinatio

965 3347 1016 3405 bac
1032 3362 1104 3405 terra
1120 3358 1234 3422 popurus
1256 3354 1393 3421 decantat,
1409 3356 1434 3410 in
1451 3373 1502 3426 qua
1524 3358 1634 3415 uiuriuar
1650 3360 1760 3419 deside·

964 3441 1033 3495 riuur
1056 3458 1133 3497 suurn
1156 3445 1183 3497 iu
1208 3444 1323 3500 aduentu
1348 3446 1454 3502 Domini
1470 3448 1757 3510 felicitercouiitctat.

964 3533 1113 3590 Emnuerat
1126 3549 1234 3605 quoque
1246 3548 1360 3607 quantas
1383 3540 1563 3608 superborum
1578 3541 1762 3600 insecutiones

965 3627 1115 3698 pertulerit.
1138 3628 1179 3682 Ad
1196 3640 1360 3697 postremum
1375 3634 1443 3701 petit
1457 3641 1488 3688 ut
1509 3633 1536 3690 iu
1552 3635 1686 3692 mandatis
1708 3635 1763 3693 lio·

964 3718 1031 3774 mirri
1048 3719 1132 3788 ipsius
1144 3734 1257 3776 ururrere
1275 3731 1442 3789 perseveret.
1460 3724 1586 3783 Deiectus
1600 3734 1629 3782 et
1643 3742 1692 3797 pre
1707 3727 1762 3787 ttae

965 3809 1080 3878 alicuius
1104 3812 1142 3865 eci
1158 3811 1267 3878 dieitur,
1290 3822 1319 3867 ut
1332 3824 1373 3869 cst
1385 3814 1451 3870 iliud
1466 3833 1472 3869 :
1488 3815 1591 3871 inimici
1614 3819 1762 3890 defecerant

964 3901 1069 3970 [ramea
1087 3900 1114 3953 in
1128 3900 1206 3967 finem
1221 3901 1306 3971 (Psoi.
1323 3917 1361 3969 ιι,
1379 3903 1417 3974 7).
1434 3903 1628 3976 Nonnunquam
1653 3909 1762 3978 ponitur

964 4001 992 4047 et
1007 4007 1055 4061 pre
1066 3991 1194 4048 desiderii
1210 3993 1348 4051 nimietate
1368 3995 1540 4067 declaranda,
1564 4009 1593 4055 ut
1615 4011 1656 4055 eat
1671 4002 1760 4061 illud:

966 4081 1118 4154 Concupieit
1129 4094 1152 4139 et
1163 4086 1250 4155 deficit
1265 4087 1352 4142 aniate
1365 4104 1423 4143 ntea
1438 4089 1465 4145 t‘n
1477 4091 1547 4147 atria
1557 4089 1663 4148 domini
1671 4092 1760 4164 (Ptei.

967 4190 1081 4241 urrant,
1097 4174 1137 4246 bi.
1149 4176 1223 4231 idem
1239 4188 1266 4233 et
1280 4178 1324 4234 bie
1344 4189 1435 4235 saneta
1456 4185 1627 4253 eorrgreqatie
1640 4184 1762 4257 deiecisse

965 4267 1029 4321 dicit
1043 4267 1157 4320 artirnmu
1172 4283 1248 4322 suum
1264 4270 1291 4322 in
1313 4269 1421 4326 Domini
1443 4271 1591 4328 saluatoris
1604 4276 1762 4335 ardentissi-

965 4375 1036 4413 nranr
1053 4359 1224 4414 alteritatem.
1240 4360 1297 4415 ilos
1318 4366 1390 4416 enlm
1409 4364 1460 4419 iste
1477 4366 1652 4422 immanitatis
1666 4380 1719 4437 est,
1732 4381 1762 4428 ut

964 4452 1037 4522 qued
1050 4453 1161 4507 omuino
1172 4454 1400 4524 concupiscimus,
1415 4457 1441 4512 io
1453 4474 1486 4512 eo
1499 4458 1594 4515 lassari
1607 4477 1639 4517 uc
1653 4463 1762 4532 deficere

115 4549 203 4613 renim
229 4549 277 4604 sed
304 4556 429 4618 tanquam
458 4556 538 4603 rente
570 4545 653 4601 babiti
685 4546 765 4602 dictis
787 4545 1115 4612 inanibusDrideamur,
1127 4547 1236 4616 quaudo
1250 4546 1382 4604 dilatione
1393 4554 1530 4620 suspensi,
1543 4553 1577 4608 ad
1593 4565 1653 4609 uota
1669 4567 1762 4613 nostra

116 4642 288 4707 verberatus,
301 4641 467 4710 propositum
482 4655 561 4694 suum
577 4639 668 4709 quieta
689 4650 781 4695 mente
799 4654 912 4711 perage-

115 4730 175 4794 lnt,
190 4737 220 4785 ut
231 4729 293 4785 inde
306 4731 390 4800 magis
401 4729 549 4786 adversarii
562 4731 677 4785 celerius
692 4731 833 4797 caderent,
847 4731 911 4786 dum

115 4821 199 4877 emilis
211 4824 252 4877 eis
271 4823 395 4878 burnonis
412 4823 516 4878 uiribus
534 4823 691 4878 restitisset.
716 4821 792 4889 Quod
808 4823 912 4893 paticu-

117 4913 163 4967 tiac
173 4928 258 4985 genus
267 4923 346 4968 orrtat
358 4915 418 4969 siue
431 4913 514 4969 dubie
527 4913 710 4968 Christianos.

155 5006 234 5062 Vets.
250 5005 295 5062 79.
311 5004 497 5062 Convertamur
513 5007 548 5059 oti
562 5021 601 5060 are
617 5005 661 5074 qai
671 5005 760 5059 timeat
780 5014 814 5075 te,
826 5014 851 5058 et
869 5004 912 5075 qai

115 5106 242 5152 normani
260 5098 405 5153 testimonio
419 5108 474 5152 toa.
497 5097 539 5154 td
559 5096 766 5168 distinguendas
782 5110 913 5164 personas

115 5189 226 5259 propria
240 5189 320 5245 rerba
334 5191 437 5259 stqrrata
455 5197 530 5245 suut.
550 5188 638 5258 Supra
657 5187 728 5242 enim
742 5187 776 5242 dc
789 5187 912 5256 superbis

114 5282 219 5337 oetam
231 5291 285 5349 est,
300 5280 663 5353 earsaadarrtar51ricautem
675 5280 709 5336 de
719 5279 912 5350 incipientibus

115 5371 227 5440 dieitur,
248 5372 477 5428 Ceneeetantarad
492 5388 542 5437 me,
555 5371 586 5427 'id
605 5381 648 5427 cst
664 5371 697 5426 ad
713 5381 749 5426 te.
763 5371 804 5426 Ad
820 5371 912 5425 ilenti·

115 5464 265 5521 nrtmcttittr
280 5463 348 5518 irene
359 5463 518 5532 intelligitur
532 5463 656 5526 conterati,
672 5462 754 5532 quiin
778 5462 914 5517 Ecclesia-

114 5557 184 5609 stiaa
207 5555 290 5624 caepit
309 5558 516 5625 conqregatione
539 5558 660 5619 uersari3
677 5552 716 5607 iili
740 5553 847 5608 seilicet
866 5553 913 5622 qui

111 5646 169 5718 p'atn
185 5646 281 5703 timere
289 5654 438 5715 temperant,
450 5646 497 5701 sed
513 5645 632 5717 nondum
646 5644 754 5700 inerant
765 5652 821 5698 tota
833 5660 912 5699 ruen-

114 5742 150 5797 tia
162 5740 313 5795 intentione
337 5739 471 5795 conuerti.
488 5737 611 5810 eddidit,
627 5747 651 5792 at
671 5737 715 5808 qai
736 5746 861 5791 nouerant
872 5746 910 5791 te·

967 4638 1109 4706 pertenire
1127 4651 1181 4693 nen
1197 4651 1351 4707 possumus.
1368 4638 1403 4696 Ut
1424 4641 1448 4696 si
1468 4643 1655 4700 charissimum
1677 4647 1760 4701 illium
1816 4691 1820 4699 .

965 4729 1191 4785 clementissimus
1213 4739 1289 4798 pater
1315 4729 1394 4802 longa
1421 4735 1622 4805 exspectatione
1649 4735 1760 4793 dilatum

965 4823 1054 4876 anima
1068 4817 1215 4875 festinante
1230 4821 1373 4890 sustineat,
1393 4822 1418 4878 si
1441 4839 1512 4880 utor
1533 4823 1685 4881 aasusstma
1701 4826 1762 4883 dul·

966 4913 1104 4970 ciasinrurn
1118 4912 1258 4980 maritum,
1271 4927 1362 4969 nonne
1374 4904 1467 4970 amur'e
1480 4916 1606 4987 fatigante
1622 4917 1760 4987 deliciunt,

966 5017 1035 5073 quos
1058 5002 1152 5057 ridere
1180 5001 1370 5060 desideranter
1395 5009 1564 5076 exposcunt?
1592 5009 1761 5079 Quapropter

965 5091 1066 5162 Deiecit
1081 5092 1167 5146 enirrta
1183 5110 1249 5160 area,
1262 5095 1409 5164 sigtriircet,
1422 5097 1522 5154 lassata
1540 5112 1583 5156 est
1604 5111 1686 5171 atquc
1699 5101 1762 5157 tati·

965 5198 1040 5256 gata:
1068 5186 1140 5256 quod
1169 5201 1217 5257 per
1246 5188 1330 5243 nimia
1355 5190 1425 5245 solet
1451 5189 1585 5247 desideria
1608 5195 1760 5262 proterrirc.

965 5276 1175 5334 Carrrsiderernus
1193 5294 1258 5347 erge
1272 5281 1439 5338 saeratissirni
1454 5281 1581 5340 desiderii
1600 5287 1761 5357 uraqrrtrudl·

966 5384 1038 5436 nern,
1061 5378 1132 5422 tauta
1147 5384 1178 5424 se
1200 5370 1300 5426 ruentis
1316 5369 1466 5428 intentione
1481 5373 1617 5444 fatigasse,
1634 5385 1761 5446 utusque

965 5463 998 5515 ad
1012 5461 1145 5515 deiectum
1167 5463 1352 5519 felicissimum
1376 5467 1540 5536 perueniret.
1561 5467 1615 5524 Sed
1635 5484 1670 5525 ue
1684 5469 1760 5527 dele·

964 5561 1023 5607 ctus
1037 5552 1089 5607 iste
1103 5553 1166 5609 iidei
1180 5555 1317 5611 videretur
1339 5571 1461 5622 occasus,
1476 5561 1501 5610 io
1516 5559 1630 5615 salutare
1642 5576 1672 5617 se
1685 5562 1732 5632 dep
1744 5591 1759 5603 -

965 5646 1029 5698 cisra
1042 5644 1117 5709 dicit,
1132 5647 1204 5715 qued
1220 5647 1332 5704 liebraea
1353 5649 1442 5719 linqua
1457 5649 1555 5706 docitur
1571 5650 1660 5711 taras.
1678 5656 1712 5712 Ει
1724 5671 1760 5715 tte

963 5737 1109 5810 aliquisita
1125 5739 1296 5799 actiticrrduttt
1315 5741 1432 5802 [ots'ttau
1442 5744 1738 5815 dubilauumubxbb,
1748 5756 1780 5801 Q
