3794 6128
135 181 182 231 titi
731 187 766 241 lt.
790 184 926 240 alittetll
945 180 1144 239 cssslttttotit

1709 181 1759 238 tto

136 303 260 360 ttttruiuus
278 303 397 360 satiantur·
411 313 458 369 per
474 300 587 354 virtutes
605 309 669 353 suas
684 297 761 351 nobis
781 298 918 351 euidenter
933 300 956 353 lt
971 303 1010 346 est
1026 294 1187 346 centesimus
1214 293 1343 360 decimus,
1367 298 1528 350 centesimus
1548 293 1714 362 natantium,
1732 305 1759 350 ct

133 395 234 448 cilictus
244 402 295 456 est,
307 407 338 446 ac
353 393 375 445 si
391 392 496 461 proprio
509 389 638 443 uocabulo
654 388 825 458 panderetur.

168 483 243 539 Vens.
258 484 301 539 ll).
314 483 406 536 Tollite
420 481 661 550 portueprtnctpea,
676 489 782 548 costros,
800 489 822 533 et
837 481 918 531 eleru-

135 576 210 640 utisti,
224 584 304 645 parto
317 573 459 636 eternales,
473 581 496 623 ct
510 572 625 624 introibit
637 571 692 624 llec
706 570 805 639 glorio.

172 667 249 724 Vere.
271 665 314 718 ll.
331 666 394 730 Quis
409 673 445 717 cst
462 664 508 715 iate
522 662 576 714 llere
590 661 699 732 qloriec?
718 661 843 714 Dominus
871 662 921 713 cir-

135 767 219 815 tstttnt
230 757 283 827 ipse
297 763 334 809 ert
350 754 403 808 lica
415 752 514 823 glorio.
525 753 573 807 llic
584 754 664 807 etiam
675 753 781 808 schema
795 752 918 821 pulcher-

135 849 234 905 rimum
250 844 347 901 iactum
358 853 410 912 εει,
422 845 492 914 quod
505 846 574 914 apud
587 844 696 900 Grecos
709 844 808 899 dicitur
828 844 921 897 anadi-

135 941 228 1012 plosis,
244 939 312 1010 apud
338 940 448 995 Latinos
463 939 660 1009 congeminatio
674 941 808 1007 dictionis,
824 956 883 1010 quae
895 940 923 994 itt

135 1035 320 1100 uutinrersu,
339 1034 429 1089 autin
450 1033 612 1104 repetitione
632 1033 785 1088 uerborum.
805 1033 836 1087 Et
852 1045 920 1103 quo·-

134 1127 207 1184 niam
221 1126 315 1184 eadem
331 1128 450 1183 revoluta
471 1137 543 1193 surtt,
556 1129 688 1195 expositio
704 1129 826 1196 superior
837 1136 864 1182 ει
879 1127 922 1184 laic

135 1217 377 1275 abundesulliciat.
400 1217 466 1271 Nam
481 1227 509 1273 ut
528 1217 635 1273 ludaeos
656 1216 842 1283 contundere,
866 1233 922 1272 ma-

135 1308 317 1381 gnificentiam
329 1309 435 1364 Domini
449 1309 571 1379 superius
591 1309 755 1380 singillatim,
776 1319 804 1363 ut
815 1323 923 1376 compe·

135 1398 218 1467 lebat,
234 1400 376 1468 exposuit,
394 1413 465 1453 nunc
480 1406 571 1454 atatem
586 1399 703 1453 breviter
716 1398 822 1455 cultnren
842 1400 922 1454 totius

135 1488 222 1544 laudis
236 1496 264 1543 et
282 1488 402 1543 ueritatis
420 1488 534 1558 adjectu
548 1488 602 1557 jam
623 1504 677 1544 nott
700 1489 787 1544 sotum
815 1488 921 1556 iontem,

138 1594 193 1635 non
207 1587 354 1649 potentem,
368 1592 420 1633 non
434 1578 461 1632 iu
474 1579 567 1650 praelio
581 1595 714 1651 inagnum,
726 1581 773 1634 sed
786 1579 922 1634 Dominum

972 386 1132 438 centesimus
1148 384 1267 438 decimus
1283 399 1399 449 crassatus,
1416 389 1459 455 qui
1473 387 1570 455 justo-¹,
1586 397 1613 439 ιιι
1628 392 1702 455 puto,
1715 387 1758 440 iu-

972 475 1060 549 dicant
1077 474 1168 527 landes
1183 473 1299 541 Danuui,
1315 477 1373 544 ipso
1387 478 1526 547 largiente,
1553 477 1667 547 perlecta
1679 480 1759 532 tueri·

907 604 910 611 .
974 574 1060 618 torum
1075 567 1216 620 ‹lcrotioue
1229 575 1353 631 cantare;
1371 577 1399 620 ιιι
1414 567 1462 621 luit
1476 567 1639 634 Nuthauael,
1657 569 1691 623 de
1706 584 1760 638 quo

970 659 1102 713 Dominus
1117 657 1180 713 dicit
1202 660 1227 713 iu
1243 659 1408 729 Evangelio:
1432 660 1497 713 Ecce
1511 675 1568 713 acre
1590 659 1710 714 israelita
1731 661 1761 713 in

973 765 1024 820 quo
1038 750 1113 804 deltos
1127 767 1176 803 uon
1190 761 1226 803 cst
1243 749 1333 820 (lours.
1349 767 1367 815 t,
1384 750 1430 822 li)
1442 767 1449 816 ;
1460 761 1487 807 et
1497 751 1628 806 terentius
1644 750 1760 820 proplie-

975 852 1012 909 ta,
1026 842 1061 898 de
1076 856 1127 911 quo
1144 843 1211 897 idem
1227 842 1356 898 Dominus
1371 843 1426 897 ait:
1441 843 1479 897 lle
1501 853 1587 898 ventre
1600 845 1689 897 scotris
1711 854 1761 897 tuce

974 935 1059 987 aaroni
1071 942 1104 998 tc,
1116 941 1138 988 ct
1151 933 1177 986 in
1191 935 1266 987 aculco
1279 934 1433 1002 amartiticaai
1448 945 1471 989 te
1493 933 1600 1011 (ierem.
1616 951 1635 1000 t,
1647 935 1685 1002 5).
1711 935 1762 989 iob

975 1037 1081 1092 quoque
1096 1023 1221 1077 similiter
1237 1024 1339 1079 Domini
1351 1039 1416 1078 voce
1427 1025 1548 1080 laudatus
1562 1034 1613 1090 est,
1625 1026 1660 1080 ait
1673 1027 1760 1082 cuiun:

977 1112 1102 1186 Numquid
1116 1117 1281 1171 cotrsidcroati
1294 1133 1393 1171 sernum
1406 1134 1487 1172 ιιιειιιιι
1497 1118 1557 1183 tob,
1571 1121 1637 1187 quod
1660 1136 1710 1172 raon
1727 1124 1761 1172 sit

976 1205 999 1258 ci
1010 1202 1103 1259 similis
1114 1207 1140 1258 in
1153 1216 1228 1272 terro,
1243 1208 1282 1260 cir
1292 1211 1381 1278 justris
1404 1220 1427 1262 et
1444 1209 1554 1277 simplex
1574 1219 1597 1262 et
1616 1221 1713 1274 rectus,
1729 1214 1760 1262 ti·

976 1311 1045 1350 arena
1058 1293 1150 1360 Deunt,
1177 1315 1206 1350 uc
1220 1299 1339 1353 recedens
1353 1317 1368 1353 o
1383 1300 1452 1355 mulo
1472 1297 1531 1364 (iob
1544 1316 1573 1369 ιι,
1589 1302 1635 1368 bl?
1651 1302 1684 1357 Et
1706 1317 1758 1356 car·

975 1385 1080 1457 toriqui
1096 1397 1197 1442 tantiam
1213 1389 1262 1456 ipsi
1278 1390 1326 1444 soli
1343 1391 1397 1444 Deo
1416 1399 1479 1445 sunt
1493 1391 1560 1445 noti.
1577 1391 1629 1446 Sed
1647 1407 1707 1446 eum
1730 1395 1762 1447 ad

975 1489 1023 1532 eus
1037 1487 1193 1546 peruentum
1209 1478 1298 1544 luerit,
1309 1481 1459 1536 evidentius
1470 1482 1666 1550 explanabitur.
1685 1485 1762 1540 stant

975 1584 1057 1638 genus
1069 1579 1120 1634 est,
1141 1569 1212 1639 quod
1226 1570 1367 1626 subtractis
1384 1573 1541 1642 quibusdam
1553 1574 1660 1640 litteris,
1670 1586 1762 1630 osteu-

134 1671 253 1741 qugm
264 1669 328 1724 (pop
343 1682 404 1727 egge
423 1670 555 1724 pirgum,
576 1671 632 1724 pp,
645 1680 733 1725 „pem
762 1681 802 1727 ος,
824 1672 921 1740 fimas,
939 1680 963 1739 B
976 1658 1015 1714 dit
1025 1658 1091 1713 tales
1099 1660 1125 1713 iu
1135 1659 1251 1713 Ecclesia
1264 1661 1386 1728 psallere,
1399 1661 1553 1732 quibusnon
1566 1662 1633 1718 adeo
1642 1665 1762 1718 omnium

136 1762 181 1832 qui
194 1761 258 1817 lacit
277 1777 307 1817 se
327 1760 512 1830 glorificantes
527 1763 618 1833 utique
632 1761 775 1833 gloriosos,
792 1763 861 1817 sicut
876 1777 923 1831 per

137 1851 277 1904 Dominum
302 1849 419 1905 dicitur:
440 1850 617 1919 ctortpcamer
648 1867 687 1905 mc
710 1868 754 1921 cqo
775 1850 923 1922 glorificabo

138 1941 165 2013 (l
187 1941 249 2012 lieg.
262 1957 291 2010 ιι,
305 1941 363 2014 bd).
379 1943 430 2010 Qui
443 1943 585 2013 unicuique
602 1952 776 2012 potestatem,
801 1944 922 1997 uirtutem

136 2042 288 2104 ceteraque
302 2034 371 2090 dona
382 2035 485 2100 tribuit,
502 2043 531 2088 ut
548 2034 615 2090 uult.
639 2034 728 2088 Gloria
741 2036 812 2090 enim
827 2035 925 2089 dieitur

136 2126 242 2183 celebre
264 2128 437 2196 praeconium,
465 2138 491 2182 et
517 2127 681 2197 lrequeutata
708 2129 836 2183 inundatio.
858 2130 925 2184 Suttt

136 2218 257 2287 quidem,
272 2218 519 2286 donartteDomiu0‚
531 2227 559 2273 et
568 2219 655 2289 augeli
666 2219 788 2289 gloriosi,
806 2220 922 2274 l‘otestn-

136 2319 187 2374 tss,
215 2309 327 2375 Tbroui,
357 2309 576 2377 Dominationes,
601 2321 627 2365 et
650 2311 709 2366 alim
734 2314 924 2380 potentissimae

138 2409 284 2464 creaturae,
297 2398 344 2453 secl
357 2398 446 2453 nullus
463 2409 505 2454 cst
530 2399 585 2454 lies
598 2400 699 2472 gloriar,
718 2401 768 2457 nisi
785 2404 829 2472 qui
853 2403 924 2473 ipsas

137 2489 256 2545 condidit
270 2496 297 2544 et
307 2491 428 2545 continet
437 2491 617 2547 summitates.
633 2492 770 2561 Stupenda
787 2494 855 2560 laus,
872 2495 923 2550 mi-

137 2580 220 2635 randa
235 2579 386 2635 conclusio!
402 2578 456 2635 Nec
466 2581 552 2649 potuit
564 2579 596 2635 ab
609 2582 924 2653 alioquidquamdigaum

138 2670 201 2736 dici,
217 2670 268 2725 nisi
283 2670 384 2739 abipso
398 2671 443 2738 qui
461 2672 535 2726 solus
556 2685 631 2725 suam
651 2673 778 2741 praeralet
799 2688 925 2730 enarrare

138 2763 294 2831 potentiam.
309 2762 478 2833 Cognoscite,
492 2762 611 2832 magistri
635 2764 803 2819 saecularium
824 2765 925 2820 littera-

137 2867 208 2918 rum,
236 2853 297 2907 binc
312 2853 457 2919 schemata,
473 2853 536 2908 ltine
549 2852 647 2909 diversi
659 2855 765 2924 generis
784 2869 925 2926 argumen-

137 2953 174 3010 ta,
187 2944 250 3000 biue
259 2944 440 3012 definitiones,
453 2945 514 3002 hine
524 2945 724 3016 disciplinarum
734 2949 853 3004 omnium
864 2963 927 3020 pro·

138 3034 400 3107 lluaissedoetriuas,
413 3037 518 3107 quando
528 3039 554 3093 in
566 3037 713 3095 hislitteris
724 3039 809 3109 posita
824 3054 923 3109 cogno·
938 3053 962 3117 c
978 3055 980 3059 ’

135 3127 293 3199 scitisque
319 3138 381 3185 anto
406 3129 512 3187 scholas
539 3138 641 3186 uestras
668 3130 747 3201 longe
766 3131 839 3200 prius
853 3130 925 3190 dicta

131 3216 221 3275 icisse
234 3220 349 3275 sentitis.

976 1748 1108 1803 bonorum
1133 1765 1243 1819 operum
1259 1751 1360 1806 arridet
1374 1753 1524 1823 integritas,
1535 1762 1569 1831 ‘ut
1590 1764 1631 1809 εει
1644 1769 1763 1824 presens

975 1840 1103 1908 psalmus,
1115 1843 1265 1912 trigesimus
1279 1845 1382 1910 tertius,
1395 1843 1547 1914 trigesimus
1558 1854 1659 1913 sextus,
1671 1854 1698 1902 ct
1709 1847 1763 1917 83

974 1933 1138 1985 centesimus
1152 1933 1374 2004 quadragesimus
1399 1944 1520 2004 quartus,
1546 1934 1579 1990 de
1601 1933 1696 2006 quibus
1715 1953 1763 1991 suo

975 2020 1034 2075 loco
1049 2020 1128 2091 latius
1139 2021 1345 2094 distinctiusque
1360 2024 1474 2080 dicetur.
1489 2024 1565 2080 Nunc
1577 2036 1666 2081 autern
1680 2043 1763 2083 none-

975 2111 1058 2167 rimus
1077 2113 1147 2167 launo
1162 2123 1268 2169 sextam
1282 2122 1310 2169 ct
1323 2115 1455 2171 decimam
1477 2132 1574 2172 nonam
1594 2118 1694 2174 litteras
1710 2136 1763 2174 noa

976 2209 1093 2276 hahere;
1108 2211 1225 2282 reliquas
1243 2225 1308 2267 vero
1321 2213 1348 2267 iu
1372 2222 1445 2268 testu
1462 2213 1583 2270 Psalterii
1607 2215 1689 2270 minio
1706 2217 1763 2287 pin·

976 2302 1077 2370 gentas
1088 2303 1288 2373 essejudicaui,
1304 2319 1338 2360 ne
1348 2319 1399 2374 qua
1416 2306 1565 2375 legentibus
1588 2306 1697 2361 confusa
1717 2322 1763 2360 na-

975 2403 1100 2448 sceretur
1122 2393 1283 2450 obscuritas.
1312 2396 1360 2449 liae
1383 2403 1472 2450 autem
1498 2395 1632 2466 alphabeti
1656 2398 1763 2461 litterar,

975 2483 1130 2553 qrtaeuerba
1154 2485 1318 2555 signillcent,
1347 2485 1502 2558 llieronymi
1530 2487 1619 2543 Patris
1646 2488 1763 2543 breuiter

975 2574 1067 2631 labore
1081 2566 1207 2630 collectae
1220 2585 1281 2631 sunt
1293 2592 1301 2642 ;
1312 2576 1382 2646 quod
1394 2585 1481 2634 tamen
1501 2578 1645 2649 seripturis
1666 2580 1762 2636 divinis

977 2682 1029 2722 aon
1042 2669 1215 2738 cognoscitur
1229 2667 1373 2724 insuetum.
1390 2669 1457 2725 Nam
1469 2678 1496 2726 et
1505 2669 1636 2726 ieremias
1649 2672 1762 2741 captiui-

977 2769 1058 2816 tatem
1069 2762 1218 2820 ierusalem
1233 2764 1400 2836 quadruplici
1422 2766 1558 2836 alphabeti
1573 2768 1763 2827 tantentatiouo

976 2851 1093 2922 delicuit,
1107 2853 1206 2909 doeens
1220 2840 1368 2910 litterarum
1389 2867 1567 2925 sacramenta,
1581 2858 1658 2914 etiarn
1673 2875 1762 2914 rerum

975 2946 1053 3002 nohis
1064 2946 1211 3003 coelestium
1232 2947 1351 3003 indicare
1365 2946 1502 3018 mysteria.

1265 3057 1361 3115 Diuisio
1377 3060 1479 3129 psalmi.

1012 3175 1080 3231 'loto
1092 3175 1194 3245 psalmo
1209 3190 1256 3244 per
1266 3175 1378 3246 liguram
1390 3175 1553 3246 ethopoeian,
1572 3177 1688 3233 mirabili
1699 3194 1762 3247 sup·

888 3324 891 3329 ,
977 3264 1122 3335 plicatione
1139 3266 1299 3335 depreeatur
1314 3264 1444 3328 Ecclesia,
1460 3279 1495 3320 ae
1510 3273 1572 3320 ante
1589 3276 1761 3336 conspectum

408 3332 542 3390 Conclusio
557 3337 660 3406 paulati.
697 3330 702 3340 “

979 3356 1082 3411 Domini
1096 3355 1305 3425 contemptibilis
1311 3357 1567 3426 appareatinimicis.
1577 3356 1666 3411 Primo
1679 3372 1762 3412 mern·

173 3443 256 3500 'lotus
275 3445 318 3501 liic
338 3447 453 3515 psalmus
467 3447 501 3502 ad
525 3449 654 3505 moralem
674 3450 787 3517 pertinet
809 3451 927 3522 discipli·
976 3444 1026 3501 hro
1035 3445 1157 3515 deposcit
1180 3456 1208 3501 ut
1223 3445 1342 3502 instituta
1364 3446 1471 3501 Domini
1481 3448 1592 3516 uiasque
1606 3459 1760 3518 cognoscat.

139 3538 200 3590 nam
213 3552 221 3599 ;
236 3547 390 3593 commonet
400 3538 480 3602 euim,
497 3539 766 3607 utsuperstltiouibus
780 3541 924 3609 derelictis,
977 3536 1042 3603 Due
1055 3537 1140 3592 sectio
1153 3537 1271 3592 continet
1284 3551 1364 3606 supra
1380 3538 1519 3592 memorati
1542 3538 1676 3605 alphabeti
1692 3538 1762 3593 liue-

140 3640 204 3682 vero
216 3636 242 3682 et
256 3628 298 3694 pto
320 3627 433 3682 Domino
462 3629 576 3684 lideliter
599 3632 739 3686 serviatur.
765 3633 834 3700 Quid
854 3634 927 3689 enim
977 3645 1021 3685 ras
1034 3630 1161 3702 quinque.
1182 3629 1308 3686 Secundo
1320 3630 1442 3687 membro
1457 3631 1584 3687 beneficia
1600 3632 1657 3702 ejus
1672 3643 1763 3702 postu·

139 3716 323 3788 jutstiusquam
337 3734 396 3774 eum
409 3720 586 3792 descrerequi
598 3725 680 3778 nosiu
695 3725 780 3779 ddum
793 3725 855 3782 iacit
866 3742 927 3783 esse
977 3721 1024 3788 lat,
1036 3735 1096 3793 tuae
1109 3721 1209 3775 sancit
1225 3719 1351 3777 Ptil'tblss
1368 3736 1383 3775 ²
1399 3722 1497 3777 ⁸ae⁰¹¹¹⁰
1511 3724 1673 3778 ⁰⁰¹td⁰¹¹²ii¹
1687 3741 1694 3789 3
1713 3725 1764 3779 ¹¹⁰0

140 3808 366 3876 rnortalestQuid
380 3810 485 3865 beatius
500 3827 579 3881 quam
596 3813 671 3868 illum
683 3817 759 3886 sequi
772 3819 817 3887 qui
830 3818 926 3874 huma·
977 3811 1058 3867 ctiam
1081 3811 1199 3866 continet
1219 3819 1362 3880 titillent&
1384 3811 1485 3866 litteras
1508 3827 1565 3868 ιιι·
1595 3813 1685 3868 Tertio
1706 3815 1764 3869 ¹⁰⁰0

140 3913 203 3954 uum
215 3914 299 3970 genus
310 3899 437 3956 inflictam
453 3911 565 3959 montera
578 3904 640 3959 lecit
651 3907 780 3962 eraderet
794 3909 845 3964 sed
860 3924 928 3978 prae.
977 3902 1043 3959 dicit
1060 3902 1241 3958 custodientes
1257 3910 1387 3972 praecepta
1411 3902 1515 3957 Domini
1540 3911 1639 3958 aterna
1654 3907 1764 3973 praemia

140 3999 192 4056 sta,
206 3990 328 4057 Domine,
339 3999 370 4045 ut
382 3993 426 4062 qui
441 4003 531 4062 portas
542 3993 732 4051 misericordias
748 4012 798 4052 turc
820 3999 926 4055 lauacro
977 3997 1134 4062 promereri,
1158 4005 1308 4065 protestans
1323 4012 1352 4052 se
1366 3997 1392 4050 iu
1409 3998 1501 4051 cadem
1519 3997 1653 4052 uoluntate
1665 3998 1766 4067 jugiter

141 4090 241 4137 sanetae
257 4084 468 4152 regenerationis
483 4085 651 4153 intravimus,
665 4088 744 4143 nullis
757 4090 818 4145 iride
833 4106 926 4160 pccca-
978 4099 1154 4155 permaneret
1172 4087 1215 4141 uhi
1231 4086 1348 4157 reliquas
1363 4087 1444 4142 habet
1466 4089 1567 4144 '³¹¹0'ss
1592 4103 1699 4142 ⁰⁰l0ffl·
1721 4090 1766 4144 Sic

129 4170 175 4228 tis
198 4171 396 4241 impellentibus
421 4189 560 4230 executus.
587 4177 718 4233 Numerus
743 4188 831 4235 autem
848 4181 927 4252 liujus
978 4177 1398 4246 totaspsalmnsmemoratarum
1413 4181 1767 4250 litterarumconscriptione

139 4264 235 4333 psalmi
261 4263 295 4319 ad
322 4264 416 4336 uiginti
439 4276 492 4322 tres
516 4267 618 4324 litteras
640 4269 796 4328 Latinorum
812 4273 928 4331 tortasse

140 4354 281 4423 pertineat,
297 4371 357 4423 quae
371 4356 531 4426 eloquentiae
543 4360 733 4429 propriaedicta
754 4365 925 4421 concludunt.

58 4468 64 4479 ·
135 4440 176 4499 ‘llt
190 4443 259 4515 apud
275 4442 403 4500 llcbrnos
422 4446 513 4515 viginti
535 4448 605 4517 duae,
630 4453 699 4520 apud
721 4452 840 4521 Latinos,
857 4457 927 4512 uude

139 4549 211 4591 ιιιιιιε
236 4549 325 4589 serino
347 4550 400 4600 εει,
415 4537 508 4608 uiginti
528 4548 597 4606 tres,
618 4545 686 4612 apud
705 4545 815 4602 Grecos
833 4548 926 4617 uiginti

139 4634 253 4696 quatuor
261 4624 408 4681 habeantur
420 4645 426 4679 :
439 4637 528 4685 tamen
543 4631 568 4685 in
584 4648 740 4705 unaquaque
751 4636 838 4708 lingua
850 4655 926 4697 eom·

142 4717 330 4784 preliandenda
346 4729 502 4787 competens
515 4720 658 4778 adhibetur
672 4727 805 4795 quantitas
822 4730 925 4787 littera·

139 4820 220 4873 tuing
235 4807 273 4861 sic
287 4817 315 4861 ει
327 4808 352 4861 iu
368 4807 418 4863 isto
435 4810 532 4880 psalmi
545 4811 647 4867 calculo
663 4815 767 4872 redolet
778 4819 853 4874 beata
865 4835 928 4890 per·

136 4896 230 4957 tectio.

264 5010 444 5067 lilll‘DSlTlO
466 5013 499 5069 ΙΝ
522 5015 681 5072 esstttttst
704 5017 797 5072 xxii.
885 5019 914 5047 ‘-

358 5100 391 5156 ln
404 5103 478 5173 finem
491 5106 604 5176 prointus
617 5106 710 5161 Dauid.

173 5215 308 5283 Quoniam
333 5215 401 5270 tituli
419 5217 501 5272 rerba
526 5218 581 5286 iarn
596 5228 658 5273 nota
678 5229 751 5286 sunt,
767 5228 793 5273 et
812 5224 929 5289 psalmus

142 5307 194 5359 iste
208 5305 381 5360 llebraeorum
398 5306 498 5375 primus
510 5307 651 5376 alphabeto
665 5308 814 5377 descriptus
828 5323 880 5376 εει,
895 5313 930 5369 de

142 5392 202 5465 ejas
225 5395 310 5465 ntagis
330 5397 429 5452 uirtute
443 5396 585 5453 dicendum
610 5406 663 5451 est.
679 5397 731 5454 l‘er
745 5407 828 5455 totum
851 5403 930 5472 igitur

144 5483 253 5551 tibrum,
274 5487 328 5541 duo
343 5486 453 5540 istorum
467 5501 564 5557 genera
578 5495 640 5542 sum
654 5488 814 5556 psalmorum
829 5509 835 5546 ι
849 5508 928 5548 uuum

143 5575 217 5647 quod
230 5576 360 5648 integrum
373 5577 543 5650 alphabetum
560 5579 699 5636 conticere
710 5591 884 5647 monstratur,
902 5594 930 5639 ut

978 4269 1099 4340 depictus
1113 4281 1164 4324 est.

1249 4379 1378 4451 Euporitio
1393 4383 1495 4453 psalmi.

1017 4493 1092 4548 Vcrs.
1114 4492 1138 4546 l.
1163 4494 1265 4547 Atreu.
1295 4493 1380 4561 Adae,
1414 4495 1532 4564 licutino,
1550 4495 1630 4550 lenoni
1653 4496 1768 4548 unimam

982 4600 1062 4638 mecm
1074 4600 1084 4637 .·
1098 4582 1166 4637 Deru
1181 4600 1262 4653 meus,
1279 4586 1305 4637 iu
1319 4596 1342 4639 te
1357 4586 1470 4652 confido,
1481 4601 1532 4639 stoa
1547 4584 1690 4639 erubescunt
1703 4601 1713 4639 .·
1724 4602 1768 4641 ne·

981 4691 1029 4744 que
1040 4675 1164 4727 irrideant
1175 4690 1214 4728 me
1229 4675 1326 4729 inimici
1342 4678 1400 4730 naci.
1413 4675 1508 4730 iecore
1521 4675 1645 4741 dicimus,
1660 4690 1767 4733 sursum

981 4765 1095 4837 erigere.
1126 4767 1195 4837 Ergo
1217 4767 1252 4822 de
1277 4776 1387 4824 terrena
1408 4768 1623 4834 couversatione,
1640 4768 1767 4839 vitiisque

981 4854 1132 4912 carnalibus
1155 4855 1189 4910 ad
1210 4856 1292 4911 Deum
1312 4856 1378 4913 dicit
1393 4856 1539 4912 Ecclesiam
1551 4858 1645 4911 tenuare
1655 4859 1770 4912 oninium

983 4961 1069 5012 suam,
1081 4946 1114 5001 ad
1126 4947 1376 5016 contemplationem
1387 4948 1490 5003 scilicet
1504 4947 1654 5003 coelestium
1666 4962 1768 5013 rerum,

983 5051 1035 5106 qua
1049 5051 1155 5105 semper
1168 5036 1308 5092 Dominum
1333 5039 1394 5108 pius
1419 5039 1523 5093 animus
1550 5038 1667 5094 intuetur
1685 5059 1691 5093 :
1707 5045 1769 5108 quia

984 5128 1062 5184 lacile
1076 5129 1191 5201 humana
1207 5129 1331 5199 despicit,
1343 5131 1388 5201 qui
1402 5130 1491 5186 diuina
1503 5134 1684 5202 conspexerit.
1702 5133 1770 5201 Erat·

985 5217 1082 5272 herces
1096 5228 1136 5273 est
1150 5229 1237 5274 autem
1250 5221 1388 5288 repentina
1402 5221 1482 5274 animi
1499 5221 1698 5290 perturbatione
1706 5238 1769 5278 con·

982 5307 1066 5374 lundi,
1092 5310 1235 5380 subitoque
1258 5310 1328 5365 aliud
1346 5312 1480 5380 respicere
1506 5327 1585 5381 quam
1610 5314 1771 5369 credebatur

982 5402 1099 5456 cucuirc.
1117 5402 1186 5457 Petit
1206 5417 1270 5472 ergo
1290 5405 1424 5459 pernicior
1439 5405 1507 5459 ellici
1517 5415 1569 5460 ·tur
1583 5406 1610 5460 iu
1623 5415 1770 5474 conspectu

981 5494 1050 5560 ejus,
1067 5511 1125 5562 quae
1141 5495 1173 5548 de
1189 5495 1273 5564 ipsius
1289 5496 1386 5566 pietate
1398 5497 1498 5551 conlisa
1512 5505 1563 5551 est.
1580 5496 1694 5551 irrideat
1707 5513 1771 5552 reru

982 5585 1090 5651 inimici,
1107 5586 1211 5653 ‹prtartnlu
1232 5585 1361 5655 justorum
1384 5587 1572 5643 cotthdcutiam
1601 5604 1653 5642 uun
1676 5588 1768 5645 rident
