3794 6128
49 310 122 368 ld'lss
534 306 798 365 constitueritis
819 307 852 362 ΙΝ
871 305 1056 362 ιζΡΙόΤθΙ,Α3
1076 305 1195 381 ΑΡῠὸἶ.
1622 301 1690 360 isit

47 435 105 493 est;
122 423 209 497 etqui
225 424 312 496 diligit
324 425 485 497 genitorem,
502 432 574 479 amat
589 433 690 480 etcum
706 425 749 494 qni
764 438 796 479 ex
813 438 845 477 co
861 421 886 479 h
900 431 972 476 tuom
987 421 1119 487 sulutem,
1144 421 1188 489 otri
1210 420 1235 475 ei
1251 433 1303 475 oon
1326 419 1381 476 volt
1403 419 1532 487 credere,
1556 419 1648 477 salotis
1663 433 1693 476 se

48 528 128 574 natus
149 526 190 572 est
214 516 348 572 Christus.
366 517 411 572 Sic
435 524 525 571 autem
540 515 677 585 diligimus
692 531 769 581 eom,
784 529 844 569 cum
898 528 1012 570 munere
1022 511 1194 584 cognoscitur
1208 511 1325 566 exuisse.

49 609 175 664 mandata
196 607 254 678 ejus
279 606 406 673 iacimus,
430 621 490 677 qrrae
503 605 584 678 justis
607 605 742 662 mentibus
756 604 847 676 gravia
935 605 979 662 lh.
993 619 1069 674 -r,
1083 605 1128 660 lb.
1145 602 1211 659 llcc
1224 606 1315 677 arripui
1329 602 1436 675 linig..
1453 601 1549 676 acribo]
1561 603 1647 675 ochis,
1666 612 1695 659 at

48 714 102 756 non
125 697 265 763 ridentum
281 697 329 753 sed
351 698 440 768 potius
457 696 566 751 vincunt
580 697 724 762 seculum,
739 694 847 768 quando
878 699 985 756 ,scintis
995 699 1055 770 orric
1066 699 1142 752 uitam
1163 697 1261 752 iubetis
1274 707 1408 764 etonem,
1423 705 1451 752 et
1469 704 1576 753 coetera.
1588 695 1623 753 Ut
1635 710 1695 751 cre·

47 790 76 846 in
90 789 166 846 ilium
177 788 293 844 creduut
304 789 348 860 qui
363 787 486 844 condidit
501 788 642 843 nrrrodom.
654 786 702 843 Cui
718 786 758 842 rei
772 785 848 842 testi·
899 791 1020 849 deruium
1034 806 1130 849 aenens
1142 791 1315 848 corroborata
1328 790 1388 847 lidei
1406 788 1496 846 radice
1508 789 1638 855 drmaret,
1653 786 1696 842 di·

48 880 168 937 lleaotur
192 879 220 934 iu
239 886 311 936 terra
332 868 383 934 tri'a
405 877 558 951 mysteria:
576 893 663 949 aqua,
687 877 794 948 sangnis
822 882 851 933 et
899 883 947 949 cit,
969 881 991 938 si
1007 881 1133 936 voluutas
1145 896 1238 937 eorum
1261 882 1287 936 in
1303 889 1413 950 accepta
1428 880 1619 953 praedicatione
1634 894 1695 950 per·

48 972 178 1041 spiritus,
191 985 253 1042 qaae
273 972 300 1026 in
315 971 440 1040 passione
456 969 560 1026 bomini
576 970 702 1040 leguntur
715 971 823 1040 impieta
840 987 847 1023 ε
900 972 1041 1039 manserit,
1062 971 1190 1044 quicquid
1204 987 1220 1027 a
1240 971 1357 1029 Domino
1369 972 1525 1029 salutariter
1539 979 1632 1041 petere
1645 985 1694 1025 ro·

49 1065 77 1121 itt
91 1063 163 1120 coelo
175 1072 265 1118 autem
284 1063 376 1129 Pater,
391 1072 417 1119 et
433 1064 527 1131 Filius,
550 1073 577 1119 ct
591 1063 708 1133 Spiritus
722 1071 846 1129 sanctus;
900 1064 1016 1132 luerint,
1045 1064 1084 1120 eis
1107 1063 1166 1119 sine
1189 1063 1356 1119 dubitatione
1382 1063 1505 1121 concedi.
1537 1062 1697 1119 Commouet

50 1166 78 1212 et
93 1156 121 1210 iri
135 1164 193 1211 tres
206 1170 274 1209 unus
289 1166 331 1211 est
344 1155 415 1210 licus
428 1165 453 1210 ¹.
887 1157 983 1211 »etiam
998 1166 1026 1211 ut
1038 1171 1087 1225 pro
1100 1156 1226 1211 iratribus
1241 1169 1321 1211 orate
1335 1155 1461 1221 debeant,
1477 1157 1523 1225 oni
1538 1164 1628 1210 tamen
1641 1169 1695 1209 non

87 1250 134 1304 li.
148 1278 184 1289 -
198 1263 225 1315 r,
238 1247 264 1301 9.
287 1247 318 1303 st
337 1247 510 1303 testimonium
524 1247 635 1301 hominis
648 1246 750 1320 [iulg.
765 1247 850 1301 homi·
901 1263 986 1314 usaue
997 1248 1030 1303 ad
1043 1256 1157 1304 mortem
1169 1248 1261 1319 gravia
1272 1246 1370 1304 delicta
1384 1250 1568 1312 committuut;
1585 1261 1632 1315 pro
1643 1244 1697 1300 iliis

50 1338 124 1411 auor]
137 1340 290 1407 accipimus,
309 1339 482 1392 testimonium
496 1337 546 1393 lici
559 1341 643 1411 majus
654 1346 701 1393 eat.
720 1337 749 1394 Si
763 1337 851 1393 homi·
901 1349 991 1395 autem
1007 1339 1053 1410 qrri
1068 1354 1099 1396 sc
1109 1338 1240 1395 scelerata
1253 1339 1390 1408 impietate
1404 1337 1615 1399 commaculant,
1631 1345 1657 1390 et
1670 1339 1698 1388 in

52 1447 117 1487 num
143 1428 295 1486 testimonia
320 1431 438 1484 solemus
459 1430 601 1500 accipere,
617 1430 689 1485 credi
706 1431 789 1486 debet
805 1444 852 1500 pa·
902 1429 1099 1499 desperationis
1122 1428 1264 1498 iniquitate
1286 1428 1450 1499 perdurant,
1475 1442 1528 1482 uon
1552 1426 1616 1480 dicit
1643 1425 1699 1480 uilo

50 1531 137 1577 ternae
148 1520 304 1586 sentcntiae,
318 1519 363 1590 qui
373 1519 468 1575 Filium
479 1519 851 1575 suumliourirrumChristum
903 1522 985 1576 modo
999 1521 1218 1591 supplicandum:
1235 1521 1283 1577 sed
1299 1537 1331 1575 ne
1351 1520 1448 1589 aliquis
1463 1519 1496 1575 dc
1518 1518 1700 1586 intelligentiae

51 1613 143 1668 multis
164 1611 336 1667 audientibus
349 1612 545 1667 inconvertibili
565 1627 692 1668 sermone
715 1612 852 1683 protessus
905 1611 1008 1666 lumine
1017 1618 1184 1677 causaretur,
1196 1610 1260 1664 dicit
1272 1609 1370 1664 lc‘iiirrm
1384 1609 1431 1664 liei
1445 1608 1471 1662 in
1488 1607 1558 1663 hrrnc
1571 1605 1698 1660 mnndum

51 1715 105 1763 est.
120 1705 187 1760 Nam
203 1704 248 1774 otri
264 1703 324 1775 rjus
340 1705 496 1759 testimonio
511 1719 564 1759 non
591 1705 687 1768 credit,
710 1705 782 1775 quod
800 1704 852 1762 dici
903 1702 1023 1767 acuisse,
1037 1710 1065 1756 ct
1078 1702 1198 1757 veritatis
1213 1700 1291 1757 nobis
1303 1700 1506 1772 intelligentiam
1522 1699 1698 1768 prostitisse:

55 1797 133 1852 ueios
154 1803 212 1860 cst,
237 1794 393 1850 mendacem
409 1802 484 1863 putat
498 1796 573 1850 ilium
591 1797 635 1866 otri
663 1810 727 1851 vera
744 1795 851 1851 locutus
866 1807 890 1867 Β
903 1810 1077 1853 commouens
1091 1810 1138 1852 cos
1153 1811 1188 1851 ne
1200 1796 1315 1852 ulterius
1327 1796 1533 1853 simulacrorum
1550 1793 1700 1850 mendaciis

55 1896 98 1946 ctt
112 1905 120 1944 s
136 1901 197 1941 nom
213 1901 273 1943 cum
290 1885 316 1941 in
333 1885 449 1941 Domino
463 1887 571 1942 Cirristo
589 1887 737 1943 habeamus
752 1902 850 1958 perpe·
906 1890 1072 1946 inludantur.

88 2059 154 2112 'lin
163 2056 412 2112 decantatissimum
427 2056 500 2111 iiluna
514 2056 542 2112 S.
555 2056 666 2112 loannis
678 2055 851 2112 delrioitate
903 2062 992 2115 versio
1006 2060 1193 2131 probatissima
1208 2060 1278 2118 inter
1291 2071 1405 2119 ceteras
1417 2076 1435 2117 a
1447 2061 1613 2116 doctissimis
1627 2070 1702 2116 rete-

54 2130 157 2191 iocum,
172 2127 206 2182 de
219 2142 273 2197 quo
292 2127 466 2183 contentione
483 2129 598 2182 maxima
617 2138 748 2183 certatum
764 2129 851 2183 estad
903 2146 962 2187 rum
979 2132 1125 2187 haberetur
1139 2150 1146 2186 ε
1162 2141 1328 2204 quapropter
1342 2133 1490 2187 adhibitam
1505 2135 1596 2200 procul
1618 2130 1702 2187 dubio

54 2201 126 2256 hanc
139 2198 220 2253 diem.
232 2197 365 2254 Voiomeu
377 2197 550 2275 conticerem,
563 2213 594 2252 ea
608 2199 739 2268 colligens
752 2212 811 2268 qua
825 2198 851 2252 io
902 2202 1019 2257 arbitror
1038 2204 1072 2256 ab
1084 2202 1190 2258 erudito
1202 2205 1349 2274 scriptore,
1365 2217 1558 2273 sacrorumque
1572 2201 1702 2257 librorum

55 2269 313 2338 traocqoastiooem
328 2269 564 2323 aberuditisrrris
587 2268 709 2336 plurimis
722 2279 850 2338 congesta
904 2281 1055 2328 scrutatore
1077 2272 1194 2340 eximio,
1225 2287 1312 2344 eoqrre
1337 2273 1441 2342 magis,
1464 2287 1518 2342 quo
1540 2271 1702 2327 vetustiores

55 2350 129 2397 stunt.
144 2339 281 2420 Coel‘slitt.
296 2347 325 2392 ιιι
340 2338 496 2408 loquuntur,
514 2337 668 2394 testimonia
683 2354 853 2408 propugnan-
904 2339 1052 2412 Scripturar
1064 2345 1173 2400 codices
1186 2346 1343 2414 perquirere
1355 2343 1452 2398 solitus
1465 2351 1534 2407 erat,
1547 2349 1576 2396 et
1589 2342 1705 2397 collatos

56 2410 129 2467 tibus
145 2409 339 2464 validissimum
353 2424 418 2464 saue
431 2408 579 2464 subsidium
595 2424 628 2463 es
643 2409 852 2465 Cassiodoriano
905 2426 967 2468 ctttn
980 2414 1077 2469 Graec
1088 2422 1183 2477 tcxtu,
1197 2428 1278 2484 quem
1300 2413 1421 2469 coeiestia
1437 2413 1589 2468 testimonia
1605 2427 1660 2480 pre
1673 2426 1706 2468 se

57 2482 111 2537 hoc
122 2494 203 2547 opere
216 2480 335 2546 accedit;
349 2494 402 2550 qrto
415 2480 522 2535 demum
539 2489 656 2540 constat,
672 2495 723 2534 oon
740 2479 767 2533 io
782 2478 854 2535 hiri·
907 2482 1013 2547 tulisse,
1029 2498 1090 2538 com
1105 2484 1267 2545 scriptorum
1291 2484 1455 2548 auctoritas,
1471 2494 1527 2538 tum
1542 2480 1637 2551 optimi
1658 2481 1705 2552 cpri

55 2566 134 2605 cante
148 2558 262 2615 tautum,
279 2551 349 2674 Ἢιιιιι
363 2560 435 2620 patet
446 2565 478 2605 cx
495 2549 623 2619 b'ttgenim
642 2549 792 2621 Fuigentin
805 2550 853 2606 ti·
907 2556 1042 2623 supersint
1062 2570 1127 2609 mss.
1144 2554 1204 2609 libri
1227 2563 1371 2612 testantur.
1389 2550 1443 2608 Cur
1460 2564 1550 2609 autern
1573 2550 1600 2608 io
1614 2551 1708 2607 multis

56 2619 266 2704 gilio,llictore,
306 2620 855 2704 acund03dyprriaoounoque,utvide·
907 2639 940 2679 es
954 2625 1145 2680 vetustioribus
1164 2624 1243 2680 bodie
1258 2624 1363 2680 Latinis
1377 2622 1707 2690 codicibnseaperiocite

59 2701 115 2756 tur,
130 2691 177 2745 sed
200 2700 227 2746 et
242 2707 268 2744 ιιι
286 2692 480 2759 antrorrissrmrs
502 2705 535 2745 ac
554 2691 782 2746 emendatioribus
804 2693 849 2746 ilc·
907 2694 1019 2754 minime
1034 2702 1179 2764 appareat,
1202 2709 1251 2752 cur
1271 2695 1344 2749 iliam
1368 2695 1460 2762 plures
1474 2708 1508 2749 ex
1533 2692 1658 2748 Patribus
1678 2693 1706 2744 ‘aa

59 2762 150 2817 etesia
165 2761 293 2816 liorrraoae
307 2762 448 2817 codicibus
462 2761 623 2817 rerrtcoiom
636 2761 711 2816 illum
724 2761 854 2830 scriptum
908 2765 1107 2834 exemplaribus
1120 2766 1176 2820 suis
1196 2779 1250 2819 non
1265 2766 1423 2832 habuerint,
1440 2778 1492 2819 nec
1505 2762 1601 2833 legerit
1616 2765 1709 2832 Augu

59 2831 164 2890 inice:
179 2847 238 2887 curn
253 2833 324 2887 enim
340 2841 416 2887 tanto
428 2831 517 2887 studio
532 2831 670 2886 monachis
681 2835 738 2887 suis
753 2831 779 2885 iu
796 2831 855 2886 uit.
910 2836 998 2890 stinus
1009 2837 1076 2908 ipse,
1092 2835 1215 2907 quamtis
1226 2834 1324 2906 legisse
1340 2833 1457 2889 allirmet
1471 2833 1611 2888 Cornelius
1625 2848 1641 2886 a
1655 2833 1707 2886 ba·

60 2903 135 2960 secr.
153 2902 177 2958 id
190 2902 346 2972 preceperit
361 2913 390 2957 ut
400 2901 629 2980 praestantissimis
639 2911 667 2957 et
678 2899 764 2957 Greci
775 2902 855 2959 etiam
911 2904 984 2975 pide,
997 2906 1023 2961 in
1034 2913 1161 2977 promptu
1173 2904 1241 2962 ratio
1252 2912 1295 2960 est
1307 2922 1314 2959 ι
1326 2919 1380 2960 non
1394 2905 1437 2958 ilia
1450 2905 1635 2958 tautummodo
1645 2916 1707 2984 quae

60 2983 154 3030 textos
167 2972 311 3029 collatione
326 2981 479 3042 repurgatis
494 2973 634 3028 codicibus
654 2983 805 3038 uterentur,
817 2983 858 3026 ut·
911 2991 943 3030 et
957 2975 988 3031 u.
1002 2977 1164 3048 Hieronymo
1177 2976 1234 3030 crui
1247 2983 1344 3042 potest,
1361 2974 1466 3044 pratas.
1481 2976 1507 3028 io
1519 2973 1609 3036 lotoe,
1626 2972 1709 3026 luisse

60 3058 115 3114 gne
130 3045 159 3098 io
176 3043 308 3111 ambiguis
329 3044 395 3098 iocis
407 3043 536 3108 amram,
556 3043 596 3098 tel
617 3043 695 3096 tritam
709 3057 857 3099 rarscctrurt
912 3046 945 3102 lis
959 3049 1125 3118 temporibus
1138 3047 1208 3117 opud
1229 3045 1336 3100 Latinos
1356 3055 1391 3098 tot
1406 3045 1564 3113 exemplaria
1582 3052 1643 3113 psat
1663 3059 1693 3094 co

59 3113 304 3183 emendatorumque
310 3113 574 3168 codicumonctoritus
580 3113 760 3184 inquireretur,
769 3114 857 3183 ipsum
911 3118 991 3186 dica,
1007 3118 1056 3172 scd
1068 3118 1179 3173 ulterior
1192 3134 1199 3172 :
1214 3115 1354 3172 ostendam
1366 3117 1477 3174 scilicet.
1491 3114 1535 3168 ubl
1549 3112 1584 3168 de
1595 3118 1710 3168 vetares

61 3184 195 3254 imprimis
211 3185 282 3240 idem
298 3185 472 3253 prestitisse,
490 3184 549 3250 ouis
570 3184 707 3254 ornbigatt
721 3184 772 3250 Qui
791 3197 858 3240 reru
872 3191 896 3256 c
911 3201 987 3258 agam
1001 3188 1146 3257 lapidibus,
1159 3203 1252 3243 eorum
1265 3185 1447 3256 exscriptores
1461 3183 1576 3239 solidum
1589 3198 1708 3243 versum,

61 3254 200 3324 irrigatae,
219 3269 265 3309 scu
280 3255 495 3325 llicronyoriana
510 3253 625 3309 tersiooi
639 3268 698 3308 eam
717 3261 859 3332 περικοπὴν
911 3258 979 3313 duos
990 3259 1071 3313 ctiam
1087 3273 1140 3313 noo
1152 3258 1337 3326 inirctgueoter
1348 3256 1521 3324 praeteriisse,
1533 3268 1594 3309 cnm
1607 3253 1710 3307 cariem

61 3327 129 3379 oiim
153 3325 283 3380 intrusam
305 3334 417 3394 putant,
440 3325 603 3379 deditionem
629 3323 736 3379 taotlcrn
760 3327 860 3380 iaciant
910 3330 1044 3384 dictiones
1058 3330 1156 3400 exiguo
1177 3329 1245 3384 loric
1258 3326 1397 3382 interuallo
1417 3327 1567 3380 iterantur:
1584 3324 1710 3378 facillime

60 3405 144 3464 atoue
157 3411 229 3450 armo
251 3396 411 3451 submittant
423 3410 535 3452 necesse
557 3403 614 3459 cst;
631 3395 771 3450 evidenter
785 3397 859 3451 enim
911 3400 984 3454 enim
996 3400 1105 3465 occidit,
1120 3409 1150 3455 ut
1171 3398 1305 3469 prioribus
1319 3397 1473 3466 exscriptis,
1488 3396 1657 3452 cumoculos
1676 3395 1710 3446 ad

64 3477 138 3534 pater
158 3482 190 3521 ex
209 3466 523 3535 qrrrnrpioriltuslrarum
539 3465 763 3534 complexionum
783 3468 859 3532 locis,
912 3469 1182 3542 lapidemreiernnt,
1203 3466 1323 3526 incidant
1347 3469 1373 3521 in
1398 3467 1582 3537 posteriores,
1603 3474 1630 3518 et
1650 3479 1711 3534 qum
1781 3509 1784 3512 .

61 3537 265 3594 cassiodorum
281 3538 332 3592 alia
349 3538 472 3592 tersione
495 3535 529 3590 ab
551 3535 758 3606 hieronymiana
783 3550 860 3592 usuro
912 3550 1114 3611 conscooootur
1134 3540 1275 3611 arripiant.
1297 3538 1369 3595 idem
1392 3552 1502 3608 prorsus
1525 3536 1635 3605 antiquo
1656 3536 1712 3588 cui·

62 3622 139 3671 csse,
162 3615 190 3661 ct
212 3605 387 3661 nihilominus
399 3621 459 3661 eam
484 3610 625 3682 capracorio
638 3605 712 3674 legit.
736 3605 862 3661 Solemus
932 3610 983 3666 iam
996 3611 1105 3667 librario
1118 3611 1231 3680 contigit
1243 3611 1272 3668 S.
1287 3609 1398 3665 loannis
1419 3609 1567 3676 Epistulam
1582 3608 1712 3660 transcri-

63 3678 255 3742 communiter,
276 3693 337 3733 cum
359 3680 503 3745 Scripturas
523 3682 625 3731 iocosa
644 3675 754 3746 Vulgata
776 3675 862 3730 dede·
948 3681 1006 3736 oti:
1023 3697 1083 3736 curn
1095 3683 1167 3735 enirn
1180 3696 1212 3736 ca
1225 3681 1322 3748 rerba,
1337 3691 1360 3735 ct
1373 3679 1400 3732 iri
1417 3691 1468 3734 tres
1485 3696 1566 3732 suam
1580 3686 1658 3740 aaut,
1672 3678 1712 3730 trs

63 3759 143 3802 ctens
156 3749 291 3814 occurrit,
308 3763 340 3802 ca
365 3748 456 3802 italica
480 3747 599 3803 decisum
620 3760 759 3811 asserere;
781 3746 862 3800 nimis
914 3750 1011 3806 ibidem
1027 3750 1201 3815 haberentur,
1215 3751 1355 3816 interjecta
1370 3750 1430 3804 uerri
1442 3770 1448 3798 ι
1458 3749 1602 3803 aberrante
1614 3745 1712 3799 trausi-

64 3818 197 3873 ondeotcr
210 3828 239 3873 ut
254 3819 398 3887 plurimum
414 3837 420 3871 :
439 3834 500 3872 uam
514 3833 595 3888 otram
611 3816 701 3872 multm
715 3817 862 3886 antiquitus
914 3820 973 3875 llit:
989 3821 1130 3888 eaenrpiar
1149 3829 1238 3875 autem
1260 3834 1343 3874 unum
1358 3817 1498 3873 innumera
1521 3825 1658 3886 procreat,
1683 3823 1712 3869 et

64 3891 258 3944 translationes
273 3888 524 3949 circumferrentur,
540 3888 571 3942 li.
591 3889 756 3956 Augustinus
769 3891 863 3957 praei·
914 3890 994 3945 urrius
1013 3904 1091 3946 error
1105 3889 1207 3945 inlinitc
1226 3888 1393 3945 dillunditur.
1419 3889 1538 3954 Quorum
1557 3887 1711 3945 verborum,

65 3960 220 4028 praedocet,
232 3963 266 4014 de
281 3959 357 4013 lioct.
373 3959 473 4014 christ.
490 3959 537 4014 lib.
552 3973 570 4013 tt
586 3974 594 4012 :
611 3958 661 4022 Qui
674 3958 822 4026 Scripturas
832 3973 864 4012 ea
915 3972 938 4016 st
950 3962 977 4017 iri
987 3972 1038 4016 tres
1049 3977 1127 4015 coum
1138 3958 1382 4027 surrobserraoda
1393 3961 1476 4014 etiam
1487 3967 1530 4013 est
1541 3956 1713 4025 paraphrasis

65 4029 176 4086 llebroeu
187 4031 277 4099 liopao
288 4032 314 4083 in
325 4028 444 4085 Graecam
455 4038 594 4096 uoluunt,
606 4029 735 4083 numerari
746 4037 862 4096 possunt,
917 4033 952 4089 ab
972 4033 1117 4103 interprete
1137 4041 1230 4086 nostro
1243 4029 1380 4095 eahibita,
1400 4030 1525 4085 nimirum
1542 4046 1549 4081 :
1566 4024 1600 4080 tir
1622 4027 1647 4080 hi
1662 4034 1712 4078 tres

64 4099 246 4156 Latiniouteor
260 4102 408 4171 interpretes
425 4103 497 4154 troilo
514 4102 590 4155 oredo
609 4116 618 4154 :
639 4109 666 4153 at
688 4099 754 4153 eninr
773 4099 865 4168 cuique
917 4119 984 4158 arrius
1004 4113 1041 4156 cat
1063 4101 1133 4156 Deua
1147 4117 1157 4157 .·
1170 4117 1222 4172 qua
1242 4101 1360 4170 suspicio
1381 4099 1469 4154 rimaris
1490 4100 1620 4154 evertitur
1634 4107 1712 4150 autu·

65 4173 158 4239 primia
179 4172 239 4237 fidei
252 4170 406 4240 temporibus
421 4172 448 4224 io
461 4188 553 4226 monus
568 4172 633 4225 cerrit
654 4168 861 4234 codeaGroecoa,
896 4175 1046 4229 mantiam
1072 4181 1165 4228 contra
1184 4186 1354 4228 communem
1379 4170 1560 4233 sententiam,
1581 4180 1612 4220 ea
1632 4166 1713 4220 verba

64 4250 91 4295 et
105 4241 291 4311 aliquantutum
308 4243 438 4312 {cerritotis
452 4242 501 4296 aidi
517 4243 648 4312 utriusque
663 4242 759 4310 iiopaoe
774 4238 866 4294 habere
915 4244 1026 4299 Arianis
1048 4243 1138 4299 lavere
1154 4260 1160 4295 :
1178 4242 1290 4309 perinde
1302 4256 1334 4296 ac
1347 4242 1370 4294 si
1392 4241 1520 4294 uniatem
1545 4251 1598 4292 troo
1621 4237 1649 4289 iu
1671 4250 1714 4291 es·

65 4311 211 4371 mechatur.
226 4328 306 4366 “tritt
320 4323 357 4367 eat
377 4312 551 4384 interpretari.
569 4311 602 4366 Ui
616 4313 642 4365 ¹ss
657 4310 765 4374 Veteri,
786 4310 866 4365 sicet
916 4317 1003 4369 sentia
1025 4322 1190 4377 statuerent,
1215 4312 1263 4368 sed
1286 4314 1312 4368 iu
1337 4313 1440 4365 ratione
1462 4307 1637 4374 occidendi,
1662 4319 1713 4373 oua

66 4381 94 4437 in
113 4381 188 4436 Narro
201 4382 374 4438 Tescrmeoto
389 4383 458 4436 idem
482 4383 629 4450 prestitum
645 4381 727 4436 luisse
745 4395 824 4435 nemu
839 4381 864 4434 ln
916 4400 995 4438 soum
1011 4386 1110 4453 pariter
1121 4383 1248 4439 dicuutur
1263 4397 1342 4453 aqua,
1355 4380 1462 4452 sanguis
1488 4389 1516 4434 et
1526 4378 1648 4449 spiritus.
1660 4376 1716 4432 eu·

65 4452 178 4506 dubium
194 4453 373 4508 revocaverit.
392 4451 582 4507 Verumtamen
595 4467 655 4520 ortae
672 4452 696 4504 in
711 4454 760 4504 hac
773 4449 866 4517 espla-
918 4462 1008 4510 terom
1020 4458 1046 4509 iu
1059 4453 1223 4509 cassiodorii
1235 4461 1309 4508 textu
1322 4451 1489 4507 terrestrium
1501 4447 1715 4503 testimoniorum

68 4524 179 4578 ustione
193 4525 235 4577 vei
248 4523 327 4578 alleri
338 4523 527 4578 Cassiodorius
540 4522 720 4584 iterniattchio,
736 4522 779 4575 tel
793 4521 865 4575 desi·
919 4540 1015 4580 tersus
1036 4524 1221 4594 precedebat,
1244 4525 1355 4592 quadri
1371 4522 1395 4576 in
1411 4520 1569 4592 quibusdam
1585 4533 1648 4574 iuss.
1666 4519 1715 4572 tiri

67 4603 151 4663 goat,
174 4609 189 4648 a
206 4593 319 4663 liutgata
342 4595 468 4662 antiqua,
489 4595 547 4649 sire
561 4593 596 4647 alr
620 4593 708 4647 italica
733 4606 795 4647 tere
814 4592 863 4647 de·
879 4577 989 4652 Duocn
1004 4595 1264 4652 arrioadreueronr.

66 4675 191 4738 prompta
206 4680 287 4733 esse,
303 4664 330 4719 id
344 4666 414 4734 apud
435 4679 478 4720 ure
492 4665 576 4720 ierme
590 4663 705 4728 evincit,
727 4663 799 4733 quod
815 4660 861 4717 iila

71 4803 1706 4843 ...............--.----—--------——-----

586 4922 763 4985 EIUSDEM
787 4919 983 4984 esistunt
1004 4916 1198 4983 SECUNDA.

111 5073 137 5129 l.
153 5099 189 5112 -
202 5086 228 5141 a,
243 5070 269 5125 l.
286 5069 402 5127 locanes
416 5069 506 5144 [ittig.
528 5083 582 5124 non
599 5068 679 5124 babet
691 5065 817 5139 loannes]
831 5082 872 5121 ae·
925 5073 1025 5135 optant
1038 5064 1079 5119 eis
1091 5060 1221 5133 gratiana,
1244 5055 1457 5115 misericordiam
1475 5065 1504 5111 et
1523 5067 1617 5125 pacem
1632 5068 1646 5107 a
1663 5053 1718 5110 ueo

71 5161 378 5233 acommodata,
401 5170 426 5217 et
442 5160 505 5233 filiis
518 5162 590 5232 ejus,
606 5167 634 5215 et
648 5158 719 5229 quod
741 5157 872 5230 sequitur.
924 5156 1005 5214 Patre
1027 5153 1150 5226 Filioque
1169 5152 1254 5223 ipsius
1267 5152 1331 5208 lesu
1351 5150 1460 5206 Christo
1482 5147 1508 5204 in
1524 5147 1638 5204 rcrimc
1651 5162 1719 5204 con·

72 5258 194 5314 lomnes
207 5254 310 5321 senior,
323 5252 450 5323 quoniam
460 5262 518 5309 erat
530 5259 609 5308 estote
620 5259 771 5320 provectus,
780 5248 873 5305 electae
924 5246 995 5305 cedi.

72 5349 190 5403 domina
204 5346 298 5403 scribit
310 5344 441 5401 licciesite
456 5353 483 5411 ⁸,
500 5343 617 5412 iiliisgue
632 5342 702 5413 ejus,
716 5355 785 5413 quta
795 5354 873 5397 sacro
958 5336 987 5394 ι.
1002 5366 1038 5380 -
1051 5351 1076 5404 ι,
1090 5334 1119 5391 l.
1132 5334 1243 5391 Garisaa
1262 5349 1318 5389 sant
1333 5332 1422 5401 ualde,
1445 5332 1567 5403 quonian
1583 5330 1668 5386 uuest
1687 5329 1720 5385 dc

72 5443 150 5501 iente
161 5447 310 5512 genuerat:
328 5439 378 5493 hos
388 5453 418 5494 se
429 5438 495 5492 dicit
506 5435 595 5491 studio
609 5435 748 5491 charitatis
759 5434 873 5506 diligere
926 5432 988 5502 pilia
1003 5431 1054 5485 tais
1067 5428 1227 5485 ambulantes
1249 5429 1277 5482 ιιι
1291 5427 1431 5482 oetatem.
1454 5422 1580 5481 Gatlsunr
1594 5438 1624 5481 ss
1638 5422 1719 5494 pluri·

73 5551 131 5595 non
145 5533 245 5599 scium,
258 5531 306 5587 sed
320 5532 402 5588 etiam
417 5544 512 5587 omues
526 5528 673 5602 fidelesqui
688 5535 872 5600 cognoverunt
923 5538 996 5582 mum
1009 5523 1086 5590 dbis,
1100 5521 1173 5592 guod
1197 5521 1269 5577 lliioa
1288 5529 1389 5575 sancta
1404 5517 1550 5585 Ecclesia,
1568 5517 1665 5589 quibus
1679 5515 1719 5571 ri·

74 5625 184 5686 liomini
208 5624 392 5691 rotomuem,
416 5638 476 5693 qua
501 5631 642 5694 permanet
664 5622 692 5678 iu
714 5631 869 5678 aeternum:
923 5618 1038 5675 debatur
1050 5615 1182 5684 scribere,
1191 5612 1220 5670 in
1229 5612 1342 5670 veritate
1351 5608 1722 5683 comperitanboiare3aicut

112 5810 182 5882 stt
193 5807 304 5880 mpsdca
326 5817 474 5880 propensas
494 5805 527 5864 iis
546 5806 664 5878 aceedit,
690 5805 733 5883 qui
751 5804 864 5893 siccum
881 5801 954 5891 ‘hauc
968 5815 1021 5860 oon
1034 5807 1185 5860 matronam
1198 5807 1302 5872 putant,
1316 5795 1364 5856 sed
1378 5793 1528 5854 Ecclesiam
