3802 6120
102 330 154 385 82}

103 546 270 594 mortiterum
285 540 405 606 placeant
417 541 514 604 sancti,
530 539 574 608 qni
589 548 651 593 snm
663 538 765 594 indicis
775 556 822 593 are
837 539 894 593 lau-

103 629 159 685 dati
173 646 181 695 ;
196 644 257 684 cnm
269 637 298 685 et
307 629 334 683 in
344 629 441 684 Genesi
455 629 571 700 legatur:
589 629 689 684 Placuit
705 628 793 683 Erratis
808 646 894 685 coram

102 719 169 786 Deo,
184 730 208 776 et
222 720 351 775 transtulit
366 722 439 775 illunc
464 722 533 774 Deus
546 720 624 790 (Gen.
641 737 668 786 v,
685 720 742 792 11).
762 721 812 776 lob
827 736 894 792 apte·

101 827 158 882 qne
171 812 275 866 Domini
292 826 358 866 voce
375 812 496 865 latttlattts
508 822 549 866 est
563 810 623 882 (lob
638 826 656 879 v,
670 811 708 882 8).
725 811 758 866 Et
768 811 795 865 in
807 811 895 865 Evan-

102 902 174 972 gelio
190 901 224 956 de
238 900 403 955 Natltannele
425 900 482 970 ipse
502 900 630 956 Dominus
647 901 730 956 dicit:
752 898 819 955 Eece
839 917 893 955 otte

103 991 235 1061 Israelita,
251 994 277 1047 in
291 1010 341 1063 gno
354 993 429 1047 dolus
441 1009 491 1046 non
504 1003 541 1046 cst
556 992 646 1063 (loatt.
661 1009 680 1059 t,
695 993 753 1063 dl).
770 992 823 1049 Sed
839 992 892 1059 iric,

101 1086 219 1157 placeio,
240 1084 387 1155 stainjam
408 1099 528 1148 securus,
552 1083 607 1154 jam
624 1084 670 1155 qui
683 1084 827 1153 displicere
839 1098 893 1140 non

102 1177 216 1248 possim,
238 1192 288 1233 nee
311 1176 455 1247 quidquam
475 1177 584 1232 dubium
605 1176 757 1242 sustinebo,
774 1177 892 1247 quando,

101 1270 172 1324 sient
181 1268 324 1338 Apostolus
335 1267 411 1331 dicit,
420 1266 490 1321 llort
498 1267 617 1336 absorpta
628 1268 705 1337 [uerit
715 1269 741 1321 in
750 1267 892 1333 uictoriam,

563 330 744 389 excestria
763 331 796 386 tn
819 331 1050 390 asserentum
1069 331 1163 389 esst,
1180 332 1261 390 cxl.

104 444 210 498 ntinoitv
221 444 324 515 regione
338 444 462 509 riemanr,
477 444 552 513 qnasi
568 460 620 498 non
635 452 664 498 et
676 443 718 497 bie
736 443 762 497 in
786 445 930 513 regiones

1685 337 1748 403 811,

1210 445 1343 514 Expositis
1364 448 1465 518 psalmi.

983 534 1058 589 vers.
1075 536 1100 588 l.
1121 534 1241 603 Credidi,
1262 541 1453 610 propterquod
1474 541 1573 596 iocatur
1586 556 1665 597 tum:
1687 558 1736 615 ego

949 635 1033 698 cuntem
1044 625 1195 682 innutritiatus
1211 645 1267 683 anm
1292 632 1378 686 nitoris.
1399 631 1543 703 Martyrum
1558 632 1672 704 populus
1686 633 1734 691 iile

945 719 1109 774 reverendus
1118 715 1247 778 'ordinem
1261 724 1319 779 veri
1333 723 1466 795 dogmatis
1480 740 1602 793 setosus,
1617 727 1691 797 prius
1704 740 1736 791 sp

946 809 1010 864 dicit
1024 813 1171 881 credidisse,
1187 823 1215 869 et
1229 823 1320 884 postea
1336 815 1419 872 luisse
1434 817 1609 886 prolocutum,
1626 828 1736 889 propter

946 899 1007 953 ilios
1020 901 1123 957 seilicet
1136 903 1324 972 destruendos,
1347 907 1391 977 qui
1407 908 1534 963 veracites
1553 922 1607 964 aon
1623 910 1735 975 creden·

946 996 996 1056 ter,
1013 989 1141 1046 abactam
1163 993 1271 1064 deeius
1289 995 1377 1064 aliona
1393 996 1540 1065 praedicare
1555 997 1732 1068 magnalibus.

945 1080 1009 1135 Post
1024 1097 1113 1137 veram
1129 1083 1261 1154 siquidem
1276 1086 1355 1141 tidem
1370 1097 1461 1142 sancta
1472 1087 1551 1144 debet
1566 1089 1658 1144 venire
1669 1102 1735 1145 con·

946 1172 1037 1245 lessio,
1055 1189 1088 1229 ne
1113 1176 1178 1231 illud
1192 1177 1283 1232 audiat
1301 1177 1489 1248 irurportunus:
1506 1178 1638 1234 Peccatori
1650 1188 1735 1235 antem

944 1252 1009 1319 dixit
1024 1266 1113 1322 Dens:
1127 1269 1212 1336 Quare
1222 1279 1249 1323 tu
1259 1273 1484 1344 cnarratjttttt'tioa
1492 1271 1733 1345 meaa(Ptol.xetr,
1812 1336 1816 1345 Ι

101 1369 125 1416 et
136 1360 302 1432 eomuptibile
316 1362 364 1414 troc
383 1360 494 1413 intonit
507 1360 734 1430 incorruptionem,
750 1369 773 1412 et
787 1359 894 1414 mortale
946 1356 990 1426 lo)
1005 1356 1016 1409 ‘t
1030 1357 1167 1429 Sequitur,
1183 1377 1228 1430 ego
1244 1369 1327 1416 autem
1350 1362 1501 1418 inmittatur
1519 1380 1576 1418 tunt
1595 1365 1680 1420 nimis.
1696 1364 1736 1420 b'e

101 1451 151 1507 loe
170 1451 282 1506 timuerit
304 1450 522 1505 immortalitatem
541 1449 569 1518 (l
591 1449 807 1519 cor.1v‚5t);
831 1459 894 1506 tuno
945 1448 1108 1520 intelligeres
1133 1452 1337 1522 praedicationes
1361 1453 1547 1511 veracissimas
1572 1455 1734 1524 burniliatas,

101 1543 174 1600 enim
201 1542 266 1612 insti
292 1542 328 1597 ita
357 1542 489 1611 placebunt
510 1540 640 1610 Domino,
668 1553 698 1597 nt
719 1542 834 1597 ulterius
858 1542 893 1598 de
944 1559 1003 1617 quae
1019 1553 1092 1601 tamo
1118 1546 1177 1615 pins
1192 1547 1343 1604 enitescunt
1357 1557 1457 1620 quanto
1471 1549 1587 1619 amplias
1608 1564 1732 1620 perseca-

102 1641 272 1704 psecatorum
296 1627 457 1689 aduersitate
488 1633 555 1688 nibil
578 1639 709 1690 metuant.
737 1629 771 1686 ln
790 1631 894 1704 sapione
944 1646 1032 1694 torvum
1051 1639 1140 1693 studio
1159 1641 1380 1709 comprimuntur.
1407 1642 1443 1696 Se
1462 1640 1528 1698 dicit
1543 1657 1598 1696 erte
1614 1641 1734 1696 tremilia-

102 1727 235 1790 rivorum,
260 1726 343 1791 divit,
368 1726 395 1780 in
417 1725 624 1795 congregatione
644 1733 817 1793 sanctornm,
846 1724 892 1779 ubi
945 1740 1009 1799 tunt,
1024 1731 1085 1802 qnia
1099 1742 1190 1787 saneta
1202 1732 1489 1802 religionecrescente,
1505 1732 1556 1805 ipsi
1574 1733 1733 1793 ridebantur

103 1815 194 1873 omnis
206 1815 297 1871 virens
313 1829 405 1871 revera
417 1816 562 1886 colligitur,
574 1823 625 1872 eta
637 1817 808 1873 morientium
820 1826 894 1873 sorte
909 1816 934 1879 B
947 1823 1032 1892 poevris
1047 1823 1238 1892 temporalibus
1252 1823 1400 1895 subjacere.

102 1919 263 1983 separatur,
279 1912 349 1968 sicut
367 1913 394 1970 ia
416 1912 561 1984 Evangelio
579 1911 707 1968 Dominus
730 1912 820 1968 dicit:
843 1912 893 1978 Qvi
979 1912 1057 1969 Vera.
1075 1912 1103 1968 2.
1123 1914 1181 1984 ligo
1199 1915 1253 1969 diat
1272 1917 1299 1969 in
1318 1931 1422 1972 recessu
1439 1915 1514 1989 [mss.
1535 1917 1586 1986 1.,
1600 1916 1643 1986 8.,
1664 1914 1732 1989 meo]

102 2003 187 2058 ereda
203 2004 231 2058 in
250 2018 302 2072 tre,
321 2003 425 2060 transiet
445 2003 478 2058 de
496 2011 577 2059 morte
594 2003 629 2057 aa
649 2004 727 2058 ritant
748 2001 845 2076 (loon.
864 2017 891 2069 r,
943 2006 1133 2061 nomismata:
1156 2006 1246 2061 Omnia
1260 2007 1336 2062 tronto
1353 2009 1472 2064 motas.
1492 2007 1532 2065 Ne
1556 2008 1628 2064 illam
1651 2023 1730 2065 rera-

100 2092 164 2159 stt.

368 2205 504 2263 Conclusio
519 2206 623 2277 psalmi.

124 2317 267 2395 ,Salutaris
288 2319 383 2390 psalmi
399 2319 476 2375 istius
490 2319 638 2375 intentione
655 2328 782 2388 tractata,
799 2328 892 2376 contra

99 2409 194 2466 mnndi
208 2409 315 2466 dolores
326 2409 408 2466 anitati
425 2409 609 2467 tortitudinem
624 2411 752 2468 debemus
763 2412 890 2482 objicere.

100 2498 238 2566 Dicamus,
252 2500 322 2556 sicut
335 2499 451 2572 psalmus
464 2500 572 2556 inchoat
583 2519 590 2557 :
602 2499 700 2568 Diieat',
714 2505 834 2572 quonian
848 2518 894 2559 ea·

99 2589 203 2644 audiat
220 2589 349 2645 Dominus
363 2606 448 2645 nocent
462 2591 648 2662 deprecationis
667 2608 730 2647 meto
741 2609 750 2646 .·
761 2593 822 2663 qnia
838 2608 891 2651 non

99 2689 145 2736 est
158 2695 235 2752 poena
246 2697 306 2752 qne
321 2693 470 2752 promovet,
491 2698 543 2737 non
560 2692 601 2739 cst
615 2683 692 2738 dolor
706 2684 751 2753 qui
767 2684 893 2752 perducit

99 2772 136 2826 ad
151 2772 290 2843 requiem3
314 2787 363 2828 nee
379 2772 462 2828 durus
483 2773 658 2828 aestimandus
672 2783 714 2829 est
737 2775 824 2841 lictus,
846 2790 892 2846 qur
945 2823 950 2835 .

98 2873 205 2919 aeterna
219 2864 314 2938 gandia
338 2864 532 2921 subministrat.
552 2867 724 2923 intendamus
745 2868 815 2924 eninr
838 2884 892 2925 non

97 2954 175 3027 quod
200 2957 325 3026 patimnr,
351 2958 399 3012 sed
424 2958 493 3028 qtrod
519 2974 669 3029 speramns,
695 2969 723 3015 ct
746 2961 893 3032 temporalo

96 3047 205 3103 malum'
217 3047 274 3104 sine
291 3049 455 3105 dubitatione
471 3052 622 3123 mollescit,
646 3052 893 3124 391cn1nspro-

96 3141 250 3212 sperrimus
269 3140 416 3196 intenditur
439 3141 509 3197 lintis.
528 3143 661 3212 llogcmus
685 3157 748 3212 ergo
769 3143 891 3212 onisvipo·

97 3234 214 3288 tentiam
238 3232 350 3299 Cbristi,
377 3233 423 3302 qni
447 3233 505 3288 baec
526 3235 599 3288 solus
621 3233 691 3289 valet
711 3234 891 3291 inaestimabili

96 3325 202 3380 virtute
223 3339 370 3394 superare;
395 3333 423 3379 ut
435 3326 494 3380 acie
510 3325 681 3394 malignitatis
703 3326 825 3391 intracia,
842 3341 891 3383 nec

96 3417 149 3473 iila
162 3416 238 3492 nobis
252 3419 361 3472 omnino
386 3418 450 3471 liant
465 3432 572 3486 aspera,
589 3433 649 3488 qum
672 3434 741 3474 nunc
766 3419 890 3475 videntur

95 3516 220 3564 austera.
242 3508 287 3564 Sic
309 3507 380 3562 enirn
397 3508 510 3564 Domino
533 3509 559 3561 in
576 3509 686 3578 regione
699 3513 821 3565 vivorum
834 3510 897 3580 pia·

95 3598 233 3662 oebimns,
246 3598 271 3653 si
284 3599 310 3653 in
324 3599 374 3654 boe
387 3599 486 3653 amenio
501 3599 665 3655 mortificare
674 3609 764 3656 nostra
778 3615 891 3670 corpora

95 3704 153 3762 pro
164 3688 247 3759 ipsios
261 3690 353 3760 gloriae
370 3691 478 3745 nomine
491 3690 659 3746 lestinemns.

237 3828 416 3912 expostulo
435 3829 469 3885 ΙΝ
492 3830 655 3889 vsasstun
674 3831 754 3888 CXV.

227 3945 232 3955 “
435 3942 559 3998 alleluia.

139 4051 186 4109 Sic
198 4052 277 4109 debet
287 4053 365 4110 nobis
379 4053 522 4123 aliqnando
536 4054 641 4109 Domini
657 4055 715 4110 lans
729 4056 890 4120 increscere,

101 4151 135 4198 ιιι
152 4156 204 4196 non
218 4142 378 4197 alleluiatica
400 4144 534 4214 possimus
555 4145 651 4215 gandia
676 4145 807 4200 lastidire.
835 4146 892 4202 Vox

99 4233 237 4310 bdelium,
253 4249 342 4291 sermo
355 4236 504 4303 beatorum,
524 4239 670 4293 trtodnlatio
684 4249 776 4294 savvcta
792 4253 892 4294 caneri·

100 4327 185 4395 tium,
201 4324 272 4381 unde
291 4336 317 4380 et
342 4326 447 4381 auditus
460 4341 604 4396 corporeus
617 4329 736 4382 suaviter
750 4329 889 4397 delinitur,

99 4426 131 4473 et
143 4419 231 4473 anima
247 4416 316 4472 iessa
331 4418 433 4473 coeiesti
447 4418 624 4474 delectatione
644 4431 790 4475 recreatur.
807 4424 892 4476 latro·

97 4508 224 4565 ducenda
238 4517 301 4565 sunt
313 4512 383 4565 enim
399 4521 544 4581 martyrum
570 4511 660 4577 verba,
683 4515 726 4580 nni
741 4523 768 4567 et
786 4511 890 4568 coales-

97 4600 180 4657 sione
197 4599 314 4671 gloriosa
327 4599 399 4672 [mar.
414 4600 458 4670 1.,
472 4599 515 4665 tt,
532 4599 578 4669 F„
594 4601 770 4657 coralessionis
791 4600 889 4674 gloria]

99 4679 257 4765 riguerunt,
271 4700 299 4750 et
312 4693 436 4764 passione
453 4693 567 4749 mirabili
582 4708 692 4751 munera
706 4704 768 4752 sunt
782 4695 889 4751 Dentinv

97 4781 251 4841 consecuti.

387 4897 486 4955 Divisio
498 4900 601 4969 psalmi.

140 5014 192 5071 Per
214 5020 299 5069 totum
325 5012 396 5068 bunc
411 5015 543 5083 psalmum
565 5016 723 5072 invictorum
743 5026 890 5089 martyrum

95 5108 185 5166 verba
195 5106 358 5163 referuntur.
379 5107 468 5164 Prima
483 5108 620 5184 positione
636 5110 765 5166 beneticia
780 5111 886 5167 Domini

96 5198 438 5269 cenomannensibus
461 5212 522 5255 cnm
544 5201 699 5258 incitarent
718 5203 781 5273 qnid
797 5202 837 5258 eis
849 5202 891 5259 di·

96 5304 186 5363 gnum
198 5291 328 5360 potuisset
340 5290 426 5359 reddi,
451 5294 569 5347 occurrit
581 5294 672 5364 utique
691 5294 826 5364 gloriosus
839 5302 889 5352 'ca-

96 5385 138 5441 lix
157 5383 204 5439 ilie
215 5383 346 5454 martyrii,
361 5384 406 5453 qui
419 5392 508 5441 tamen
518 5384 625 5441 Domini
639 5387 761 5457 largitate
781 5398 891 5457 praesta-

96 5488 162 5536 tem.-
184 5477 318 5542 wanda,
345 5478 444 5533 clrorns
465 5481 523 5548 ipse
543 5493 649 5534 servum
669 5495 700 5535 se
722 5479 841 5550 Domini,
864 5489 891 5537 el

96 5566 188 5625 illium
204 5566 331 5621 Ecclesia
345 5567 485 5622 catholicae
501 5570 657 5638 prolitetnr:
672 5585 704 5625 ne
715 5579 813 5640 praeter
827 5570 890 5628 lide·

93 5659 218 5719 lissimos
240 5659 314 5715 viros
336 5658 393 5716 Deo
419 5661 533 5730 placitos
564 5662 750 5720 hereticorum
782 5679 889 5734 quoque

93 5750 231 5825 quispiam
242 5758 349 5821 putaret
362 5764 421 5807 esse
436 5753 603 5826 martyrium.

944 2096 1079 2152 cissimam
1101 2096 1299 2153 contessionem
1323 2112 1414 2168 qnam,
1440 2098 1553 2157 Domino
1576 2106 1730 2170 praestanto,

944 2195 1111 2256 susceperat,
1123 2186 1220 2257 alianis
1233 2197 1340 2259 putaret
1353 2189 1507 2245 mortalium
1528 2188 1628 2246 viribus
1645 2182 1732 2260 appli-

944 2275 1069 2346 caudam,
1085 2276 1148 2346 quid
1163 2279 1301 2348 proprium
1317 2278 1470 2336 hnmanitas
1482 2279 1587 2347 babeat,
1601 2279 1659 2350 ipse
1673 2295 1734 2351 pro·

945 2365 1047 2436 Dtetnr,
1064 2382 1164 2422 ornnem
1174 2366 1302 2423 bominem
1313 2367 1417 2426 scilieet
1429 2383 1491 2425 esse
1507 2369 1662 2425 mendacem.
1676 2368 1731 2427 Sed

943 2457 1005 2513 vide
1016 2458 1087 2527 nand
1104 2459 1171 2514 bane
1182 2458 1423 2516 considerationem
1436 2475 1489 2516 non
1504 2460 1581 2516 laciie
1594 2460 1680 2531 potuit
1689 2461 1731 2516 in·

943 2551 1046 2617 vestire,
1061 2549 1113 2604 nisi
1135 2550 1168 2606 ad
1190 2565 1335 2620 snperrmm
1356 2552 1608 2622 contemplationem
1622 2567 1670 2623 per
1683 2567 1731 2608 ex·

943 2654 1048 2695 cessum
1065 2644 1162 2697 mentis
1174 2650 1301 2699 evectus:
1317 2643 1423 2712 qnando
1434 2644 1523 2699 anima
1533 2658 1661 2712 corporea
1672 2658 1731 2698 sor-

943 2733 977 2787 de
993 2740 1113 2802 purgata,
1129 2746 1223 2787 caumas
1235 2748 1325 2787 rernm
1340 2733 1488 2789 manifestis
1503 2733 1730 2802 speculationibus

944 2833 1072 2878 intruetur.
1094 2822 1187 2893 lingna
1205 2824 1337 2892 siqnidem
1352 2823 1492 2893 prudentia
1505 2824 1617 2894 geritur,
1637 2833 1666 2879 ut
1678 2824 1729 2881 sibi

943 2915 1038 2984 alianis
1058 2915 1212 2984 imprudens
1226 2930 1287 2971 esse
1300 2917 1432 2973 rideatur.
1453 2917 1520 2972 Nam
1534 2918 1602 2972 sicut
1613 2917 1686 2974 letes
1698 2934 1730 2975 ac

943 3007 1009 3061 latai
1027 3022 1057 3063 se
1070 3021 1131 3063 esse
1144 3009 1331 3063 veracissimos
1347 3010 1520 3076 mentiantur,
1536 3010 1572 3064 ita
1588 3009 1728 3065 illuminati

943 3099 1076 3152 mendaces
1090 3112 1120 3153 sc
1134 3112 1194 3153 esse
1215 3109 1387 3168 cognoscunt.
1410 3100 1577 3171 Quapropter
1599 3099 1657 3154 baee
1680 3116 1729 3154 nes

905 3187 927 3249 C
943 3188 1034 3258 regula
1049 3197 1121 3244 certa
1135 3189 1310 3261 constringat,
1325 3198 1353 3246 nt
1364 3191 1469 3260 qnatvda
1482 3189 1571 3246 carnis
1587 3191 1730 3261 tragilitate

942 3282 1075 3333 ntendacer
1090 3295 1193 3345 snmus,
1220 3292 1338 3336 nostrum
1363 3296 1423 3336 esse
1445 3281 1595 3347 lateamur;
1622 3280 1729 3352 quando

941 3384 1059 3435 veraces,
1076 3369 1174 3426 divinis
1190 3371 1346 3425 maneribus
1360 3368 1535 3440 applicemus.
1557 3369 1620 3424 llaec
1638 3377 1728 3425 antem

940 3462 1074 3517 sententia
1101 3461 1216 3532 pertinet
1231 3462 1264 3516 ad
1279 3462 1390 3533 liguram
1412 3460 1585 3531 paroemiam,
1600 3460 1729 3531 qnoniam

942 3557 992 3612 inm
1008 3558 1177 3626 brovernimn
1190 3556 1298 3612 lrnmani
1311 3558 1444 3612 sermonis
1458 3557 1672 3624 frequentatione
1688 3569 1731 3610 ce·

941 3647 1069 3703 tetstatur.
1089 3648 1155 3704 Tale
1167 3656 1208 3704 est
1219 3648 1362 3718 illudquod
1379 3651 1404 3703 in
1421 3649 1531 3703 actibus
1544 3648 1726 3719 apostolorum

942 3741 1023 3798 Saule
1043 3740 1142 3796 dictum
1162 3751 1226 3797 est:
1251 3740 1350 3794 Durum
1370 3748 1407 3795 etl
1428 3740 1473 3795 titt
1493 3750 1581 3795 contra
1595 3739 1728 3795 stimulum

940 3831 1074 3886 calcitrare
1089 3831 1155 3900 (Act.
1177 3846 1215 3895 rx,
1230 3829 1276 3897 5);
1297 3843 1389 3884 revera
1410 3830 1517 3892 durum,
1531 3831 1655 3899 qrtotrinm
1671 3829 1728 3884 suis

941 3922 1043 3978 nisibus
1068 3921 1227 3991 percutitur,
1258 3903 1304 3989 gni
1333 3921 1359 3974 in
1388 3929 1495 3974 acutum
1518 3921 1606 3974 calces
1624 3919 1729 3974 elisisse

941 4020 1116 4069 monstratur.
1126 4012 1275 4069 Notandum
1286 4026 1349 4065 vcro
1358 4009 1427 4081 qnod
1437 4026 1551 4064 caecatus
1563 4011 1652 4063 mentis
1664 4016 1691 4063 et
1700 4008 1732 4073 in,

942 4106 1012 4160 malo
1026 4114 1149 4173 ponatur,
1161 4105 1280 4159 aientest
1294 4103 1319 4157 in
1334 4101 1573 4170 Paralipomenon:
1591 4098 1623 4153 Et
1635 4100 1727 4154 dedisti

942 4212 984 4250 eas
999 4196 1024 4248 in
1039 4196 1143 4262 eustasi,
1161 4195 1241 4250 idest
1258 4195 1283 4247 in
1299 4207 1409 4247 cxeessn
1424 4193 1531 4259 uncinis,
1547 4201 1570 4246 et
1580 4192 1606 4246 t'n
1617 4208 1731 4246 cantato·

942 4289 1009 4341 tiortr
1023 4297 1045 4340 et
1059 4288 1085 4340 in
1099 4288 1203 4340 irvteritn
1215 4283 1257 4355 (ll
1274 4283 1337 4338 l'ar.
1353 4299 1429 4349 xxix,
1444 4283 1483 4353 8).

980 4376 1056 4432 i'ers.
1072 4380 1099 4433 ὅ.
1121 4375 1189 4442 Quid
1205 4375 1343 4430 retributam
1360 4373 1470 4429 Domino
1485 4391 1532 4445 pto
1547 4375 1661 4429 ontrtiittt
1675 4389 1731 4445 quaa

942 4472 1060 4526 retribuit
1078 4471 1141 4524 ratiti
1149 4471 1162 4523 l
1180 4470 1253 4524 Dcite
1266 4468 1396 4522 dubitavit
1410 4468 1473 4535 qnid
1487 4467 1627 4522 retribuere
1648 4466 1732 4535 possit

903 4548 1103 4629 Dbumnnitas,
1119 4578 1177 4630 quiae
1194 4561 1254 4614 borni
1270 4558 1408 4628 proprium
1423 4557 1489 4613 nibil
1511 4558 1637 4613 babebat.
1664 4556 1729 4612 Nam

882 4697 887 4707 .
941 4668 1002 4708 cnm
1017 4652 1126 4718 dieitur,
1145 4650 1229 4719 qnid?
1254 4648 1387 4704 hesitatio
1410 4663 1505 4718 magna
1531 4646 1601 4719 (cm,
1623 4645 1727 4719 nostra}

942 4749 1115 4797 monstratur.
1135 4740 1203 4807 Quid
1218 4739 1289 4794 enim
1314 4738 1350 4793 illi
1364 4737 1398 4792 ab
1412 4737 1519 4794 bosniae
1534 4744 1621 4807 potest
1641 4736 1728 4799 reddi,
1770 4798 1777 4807 ‚

942 4837 1006 4891 dum
1029 4849 1136 4904 semper
1156 4832 1215 4902 ejus
1238 4846 1286 4886 nos
1311 4838 1419 4887 constet
1444 4844 1555 4886 munere
1576 4829 1729 4884 convinerit

944 4926 1039 4983 llerito
1053 4939 1117 4994 ergo
1131 4924 1278 4989 dubitabat,
1294 4923 1336 4978 cni
1362 4922 1470 4992 dignum
1491 4921 1526 4977 de
1539 4934 1588 4976 sno
1604 4921 1670 4977 nibil
1685 4934 1730 4976 oc-

943 5026 1073 5075 currerat.
1094 5016 1192 5073 Verum
1208 5031 1241 5072 ne
1254 5009 1364 5072 omnino
1373 5015 1531 5072 redderetur
1543 5015 1653 5083 sterilis,
1669 5030 1730 5071 corr·

943 5110 1008 5165 lisns
1020 5108 1054 5165 de
1066 5106 1248 5164 misericordia
1267 5105 1383 5174 Domini,
1398 5106 1461 5177 guid
1478 5105 1612 5173 retribuat,
1636 5103 1729 5161 subse·

942 5209 1057 5272 quanter
1069 5200 1188 5269 exponit.
1210 5197 1263 5256 Sed
1288 5198 1357 5254 istud
1370 5204 1414 5256 est
1434 5211 1597 5268 magnopere
1621 5200 1729 5267 perqui-

941 5291 1055 5349 rendum
1069 5292 1142 5363 qnod
1154 5292 1261 5359 dicitur,
1282 5291 1364 5348 Deam
1389 5289 1466 5347 nobis
1491 5289 1649 5345 retribuisse
1669 5304 1728 5360 quac

944 5386 1074 5452 contulit;
1100 5386 1175 5455 quasi
1200 5385 1263 5440 boni
1276 5385 1375 5456 aliquid
1391 5385 1416 5440 ei
1431 5383 1506 5454 prins
1523 5380 1687 5450 dederimus,
1702 5390 1730 5437 et

943 5482 982 5537 sic
996 5479 1030 5535 ab
1045 5481 1103 5548 ipso
1118 5481 1212 5536 collata
1228 5481 1405 5550 suscepimus,
1429 5495 1490 5536 cnm
1510 5477 1655 5549 aposmlns
1673 5478 1729 5533 clv·

942 5581 1017 5627 mett
1034 5570 1103 5637 Qatt
1115 5572 1182 5625 enim
1203 5571 1277 5626 iata
1292 5572 1361 5643 guod
1379 5587 1431 5626 nan
1444 5571 1587 5643 acoemeti?
1600 5568 1632 5626 st
1644 5574 1729 5626 anun

942 5666 1077 5732 accepisti,
1102 5665 1164 5734 patiti
1180 5664 1300 5738 planioris
1318 5666 1391 5737 quoti
1408 5682 1460 5720 non
1485 5663 1727 5739 occaecando.

942 5769 981 5823 vr,
996 5755 1048 5826 iit
1069 5755 1198 5813 Dominus
1221 5755 1295 5814 enim
1317 5756 1440 5814 retribuit
1459 5758 1545 5814 nobis
1559 5759 1674 5814 passm
1690 5767 1751 5823 nse
