3794 6128
149 309 220 365 titos

748 308 782 361 lt.
804 306 941 362 neuneu
960 307 1158 364 cusstuttottt

1710 311 1782 364 tuot

149 427 255 496 ottonis
270 421 496 479 admonttioniltns
512 421 695 492 increpantur,
710 431 738 476 nt
753 422 866 478 debeant
876 439 934 476 cor·
950 429 974 480 lt
988 424 1032 491 qui
1046 433 1216 492 peccatorrmt
1234 422 1391 477 c'rettitinne
1413 423 1582 480 clauduntur.
1601 423 1727 493 Legimus
1742 435 1784 481 ιι-

149 519 210 586 rigi,
226 527 253 572 et
267 516 293 571 in
308 516 363 570 sois
375 514 551 583 pravitatibus
565 530 617 568 non
633 515 730 569 morari
740 514 750 567 i
762 515 817 580 Quo
833 525 937 568 sentcn-

71 626 73 630 “
149 611 184 664 tia
200 608 355 677 plenissimo
378 607 506 662 docemur
522 607 582 661 illos
602 621 663 662 esse
678 608 841 661 omnimodis
863 623 935 672 reos,

148 701 193 767 tpti
213 709 240 756 ct
264 700 344 755 rerba
369 698 473 753 Domini
497 699 620 765 audiunt,
636 710 662 753 et
682 715 713 752 ca
740 699 826 752 tacere
848 699 935 766 inirpra

149 792 325 859 peruersitate
345 800 530 845 cotttemonot.
542 790 690 843 Potitium
705 791 776 844 enim
796 792 873 843 toties
889 789 935 843 od·

148 883 243 937 moniti
263 897 441 953 cognoscere,
466 883 487 935 sl
504 897 556 936 oon
576 882 761 937 decrevissent
775 882 831 936 sols
852 882 935 951 magis

146 974 522 1043 persttasionibusinliaerere.
638 965 669 1035 t„

184 1064 258 1120 l'ers.
275 1063 301 1118 b.
324 1064 396 1118 Sicut
412 1063 553 1118 crassitudo
581 1070 656 1117 terror
675 1069 788 1116 errictote
807 1071 935 1129 estsuper

145 1163 238 1207 terrent
252 1169 260 1207 :
275 1155 397 1221 dissipato
421 1164 480 1206 runt
503 1168 560 1207 orso
589 1164 675 1205 nostro
699 1167 769 1205 uetus
794 1152 933 1221 infernum.

145 1249 211 1301 lltttn
227 1249 299 1313 prius
311 1245 344 1300 tle
360 1246 494 1301 hereticis
510 1246 611 1299 diceret
624 1254 650 1298 cl
664 1244 784 1312 tyrannis
796 1243 841 1312 tpri
853 1243 934 1298 uerba

147 1337 250 1391 llontini
272 1336 365 1390 audire
386 1337 528 1390 noluerunt
542 1353 549 1388 ε
563 1351 632 1389 nunc
648 1336 720 1389 renit
734 1336 768 1389 ad
791 1350 930 1405 tntryrm,

149 1444 211 1480 tum
236 1427 310 1481 tutati
335 1427 501 1480 insecutione
525 1425 670 1478 lortiabuttt.
693 1423 843 1478 Crassitudo
862 1423 933 1478 coint

143 1530 229 1585 terrra,
241 1520 348 1588 «putrido
361 1528 468 1587 eructet,
489 1519 596 1572 morbos
620 1515 693 1583 lucit,
709 1530 799 1570 aerem
813 1530 933 1570 corrom-

144 1612 193 1678 pit,
209 1621 236 1666 et
251 1613 307 1666 tues
322 1610 475 1665 hominibus
492 1610 642 1679 periculosa
663 1609 741 1677 longo
762 1609 867 1678 lateque
882 1609 932 1664 dii·

144 1702 217 1756 tundi
233 1719 275 1756 ur.
290 1701 336 1758 Sic
350 1711 523 1772 tyrartnorttm
538 1700 651 1754 nefanda
666 1715 741 1769 supet
749 1700 790 1754 bia
804 1702 863 1757 tabe
876 1715 933 1756 auur

144 1795 251 1848 tristitia·
266 1809 377 1863 corpora
395 1804 541 1864 martyrum
564 1793 710 1860 sauciabat,
725 1808 794 1864 quos
814 1809 932 1864 congrue
949 1799 971 1857 Β

143 1885 272 1956 propbeta
285 1885 354 1942 dixit
368 1900 429 1944 ossa
446 1901 505 1949 suo,
521 1885 581 1954 onii
596 1895 700 1944 constat
712 1901 759 1941 eos
771 1883 934 1941 Cltristianta

142 1977 204 2032 tidei
228 1992 289 2032 ese
311 1976 475 2033 validissimo
502 1976 685 2050 dimittentem
709 1991 822 2046 quorem
837 1977 935 2045 predi-

142 2068 227 2122 tnndo
242 2066 391 2124 conslootia
406 2064 526 2138 ijttrante
546 2068 671 2139 ltontino)
687 2084 737 2123 nee
751 2071 838 2138 poenis
852 2071 933 2133 ricta,

142 2175 192 2214 nuc
208 2159 287 2228 lortgn
302 2161 469 2215 insecutione
494 2160 598 2214 mollita
622 2169 674 2215 est.
691 2159 725 2213 Et
743 2160 848 2229 respice
869 2175 934 2226 pro·

142 2253 267 2318 prietates
292 2252 437 2308 torbttrum
459 2253 530 2306 uelut
553 2252 711 2306 sontissima
737 2253 817 2306 mella
837 2252 935 2308 decur-

145 2356 216 2394 rere.
232 2341 290 2395 uon
312 2343 389 2400 dixit.
405 2343 432 2397 in
446 2343 578 2398 internum
592 2360 599 2395 :
614 2342 674 2412 quia
689 2342 752 2399 lieet
770 2343 839 2396 mori
860 2358 934 2398 oom-

141 2432 213 2484 mmri
228 2441 301 2484 sorte
313 2431 464 2497 t'ideatttur,
478 2434 530 2485 uita
545 2432 597 2486 illis
612 2442 711 2487 aeterna
725 2435 893 2488 conceditur.

178 2523 255 2577 b'ch.
279 2524 321 2577 lb.
340 2523 406 2590 Quin
417 2525 450 2576 ud
461 2533 495 2590 tc,
512 2522 630 2590 dioniius,
646 2523 764 2590 Domine,
780 2518 848 2578 oculi
862 2525 933 2580 mei:

139 2612 166 2665 iu
184 2622 208 2665 te
229 2613 339 2681 sperati,
363 2628 394 2665 ue
417 2613 653 2680 uoluntariorum
675 2630 766 2667 meum.
789 2615 931 2683 Postquam

140 2701 208 2756 dixit
222 2701 330 2757 bomani
345 2704 451 2770 generis
469 2702 649 2774 fragilitatem,
666 2720 743 2758 nuno.
758 2704 791 2758 ad
812 2705 931 2759 remedia

141 2793 231 2847 diuina
252 2793 382 2862 contegit,
399 2807 529 2847 convorso
545 2794 639 2848 ordine
656 2806 761 2862 potens,
778 2793 932 2864 Maeuia

139 2899 216 2951 spem
231 2897 306 2935 sitam
322 2883 413 2938 babuit
429 2884 454 2937 itt
467 2884 592 2949 lietuino,
608 2884 724 2938 attitnatn
740 2900 814 2938 snum
830 2886 932 2941 debere

140 2975 259 3029 libcrari.
281 2974 356 3041 Quod
370 2975 398 3030 in
411 2973 558 3043 Scriptmis
571 2975 667 3029 diuinis
679 2975 759 3045 (sicut
773 2989 845 3045 scope
857 2975 930 3031 dixi-

124 3067 211 3136 mum)
235 3065 389 3136 ireqocntet
413 3065 551 3130 intenics3
567 3074 596 3119 ot
622 3065 701 3119 modo
724 3080 832 3120 causam
858 3068 927 3121 ratio

139 3157 283 3226 picati-edat,
299 3157 378 3213 modo
392 3171 452 3213 eum
466 3159 586 3227 protinus
598 3157 785 3227 subsequatur.
801 3159 855 3214 sed
869 3175 928 3216 oum
944 3173 967 3236 c
984 3197 1071 3252 'orum
1095 3201 1298 3254 conversatione

140 3250 276 3300 litatorum
297 3248 463 3305 consuetudo
483 3249 517 3303 sit
538 3249 638 3305 deboc
661 3250 759 3304 secolo
772 3252 843 3307 nolte
865 3252 931 3306 libe·

132 3339 202 3402 rari,
227 3338 296 3393 sicut
316 3347 343 3393 et
365 3339 432 3395 alitro
452 3340 569 3410 psalmus
589 3341 671 3396 dicit:
685 3339 760 3394 litltto
780 3343 931 3398 decurrere

137 3432 249 3482 utrinam
264 3447 345 3492 nicom
359 3428 446 3502 (Ptol.
461 3447 537 3500 exet,
549 3432 591 3502 8);
604 3441 640 3496 et,
654 3429 816 3494 Desiderium
834 3433 930 3488 bobeno

128 3521 250 3584 dissolui,
265 3530 288 3574 el
300 3538 353 3576 erte
365 3539 422 3577 cum
434 3524 545 3588 Cbrirto,
560 3524 640 3577 multo
655 3524 736 3597 otupt's
751 3523 842 3578 melius
853 3523 931 3593 (utti-

139 3612 186 3681 lip.
203 3627 222 3677 t,
237 3613 301 3682 25),
316 3614 452 3682 quomodo
467 3614 509 3669 bic
525 3615 654 3684 propbeta
671 3616 735 3683 petit
748 3631 755 3668 ι
769 3614 811 3669 Ne
825 3619 929 3686 auferor

134 3703 251 3755 eitimam
263 3719 353 3757 uncum.
365 3703 406 3759 ll't
415 3704 527 3774 auferas,
537 3707 639 3761 scilicet
647 3706 722 3760 bonis
734 3707 800 3774 tuis;
812 3708 858 3763 sed
867 3723 929 3777 spes

130 3808 196 3845 oneo
205 3793 338 3864 jttpiterin
350 3804 375 3851 te
384 3796 428 3862 sit,
441 3811 466 3850 et
479 3798 549 3852 oculi
560 3798 647 3854 meite
658 3814 765 3869 semper
777 3802 926 3856 intendant.

173 3880 247 3937 l'ers.
275 3885 317 3937 ll.
343 3882 448 3940 Custodi
475 3903 514 3941 me
539 3904 555 3940 o
578 3887 668 3957 laqueo
688 3906 762 3959 quem
785 3900 928 3946 statuerunt

127 3977 209 4042 rutibi,
229 3986 251 4030 et
266 3980 297 4030 ob
318 3980 447 4033 scoudolir
460 3981 623 4047 operantibus
636 3983 807 4050 iniquitatem.
828 3982 879 4038 Per
893 3985 927 4038 ia·

134 4082 219 4134 tpuros
232 4077 260 4122 et
275 4068 411 4132 scandala,
427 4072 509 4124 totius
530 4072 623 4126 mnndi
645 4075 714 4125 rnala
733 4072 848 4128 breuiter
865 4090 925 4143 pro·

131 4157 213 4222 plteta
235 4158 393 4226 complexus
413 4169 472 4225 est,
495 4175 509 4213 a
530 4162 628 4231 quibus
643 4176 672 4216 se
691 4164 823 4232 supplicat
836 4175 925 4220 custo·

133 4246 194 4313 diri,
211 4261 245 4302 ne
266 4264 313 4317 per
327 4248 437 4303 insidias
452 4264 544 4305 eorum
567 4251 650 4318 possit
671 4252 806 4323 intercipi.
824 4255 923 4326 laquei

134 4349 196 4390 sitm
210 4340 316 4393 diversa
331 4340 421 4394 carnis
436 4341 579 4409 desiderio,
597 4345 693 4413 quibos
712 4358 816 4400 inmites
831 4348 924 4401 buitta·

132 4444 175 4480 tue
197 4427 302 4483 blandis
327 4429 439 4485 nexibus
463 4432 612 4503 illigantur.
635 4434 779 4503 Scandaia,
796 4453 855 4506 qum
876 4453 923 4508 per

989 524 1049 566 ntcn
1070 523 1097 566 ct
1112 513 1181 567 bona
1204 514 1271 567 retia
1298 512 1352 573 illa.
1378 530 1438 582 qun
1458 524 1566 569 centum
1587 516 1782 585 quinqtmginta

989 612 1042 658 tres
1061 605 1160 673 pisces,
1183 604 1426 674 ltotninojubente,
1449 606 1619 671 elauserttnt;
1634 605 1778 680 qttoe1eti.,

987 693 1042 766 qui]
1070 704 1147 766 typus
1174 711 1234 750 esse
1260 706 1362 750 seneen
1389 696 1534 766 probantur
1557 699 1699 753 Ecclesiae.
1726 699 1780 755 Sed

988 787 1057 840 beati
1077 789 1120 855 uui
1144 787 1169 840 in
1189 787 1240 840 illis
1268 787 1388 856 piscibus
1412 801 1632 855 attemperantur,
1657 791 1780 847 infelices

987 876 1031 947 qni
1054 876 1152 931 cadunt
1179 878 1205 932 iu
1232 879 1311 932 istutn
1336 894 1476 933 nnmerum
1499 881 1676 947 perditorum.
1703 881 1780 938 litun

986 968 1056 1022 euim
1072 969 1141 1022 dicta
1157 979 1218 1022 sunt
1230 971 1304 1037 quasi
1319 970 1472 1024 retinentia.
1494 971 1613 1037 Addidit,
1637 973 1780 1042 riopulori·

985 1067 1023 1111 tor
1037 1073 1093 1110 rum
1108 1073 1153 1129 epo
1173 1061 1253 1112 doneo
1268 1071 1407 1113 transeunt.
1423 1059 1504 1129 Singa
1516 1062 1569 1113 aris
1582 1070 1624 1115 est
1638 1065 1683 1130 qui
1701 1062 1779 1123 isit-ut

986 1154 1109 1219 superios
1124 1152 1201 1221 dixit)
1217 1168 1276 1206 omn
1293 1154 1418 1221 pessimis
1431 1152 1581 1207 bominibus
1595 1168 1650 1206 tion
1660 1154 1779 1208 attibulrtt

986 1241 1163 1307 contitinatus,
1179 1242 1222 1312 qni
1242 1243 1401 1299 Trittitntem
1417 1254 1535 1301 sattetam
1555 1263 1638 1300 unum
1656 1247 1779 1304 beonet

987 1329 1125 1384 liotninmn
1147 1331 1299 1395 eottbtctur,
1322 1333 1367 1401 qtti
1382 1347 1456 1402 spem
1480 1349 1555 1388 suom
1576 1336 1603 1390 in
1625 1338 1701 1392 nullo
1714 1336 1777 1404 olio,

985 1421 1032 1476 sed
1049 1432 1151 1475 tontum
1168 1424 1243 1491 ponit
1256 1424 1281 1477 itt
1295 1424 1418 1479 [bitorino.
1437 1423 1524 1478 boner
1547 1437 1689 1490 transeam,
1702 1428 1778 1481 idest

985 1514 1102 1583 qnandiu
1119 1515 1146 1569 lo
1160 1515 1210 1570 linc
1224 1517 1322 1570 utendo
1335 1516 1410 1570 luero
1424 1530 1618 1572 coottttorottts.
1635 1518 1693 1574 ttoc
1706 1520 1776 1574 euim

986 1606 1112 1660 surculum
1129 1607 1198 1662 beati
1212 1610 1284 1662 velut
1304 1612 1405 1664 uiantes
1430 1611 1544 1665 transire
1564 1612 1703 1680 dicuntur,
1718 1610 1777 1681 quia

986 1693 1065 1750 nullis
1079 1695 1136 1764 ejus
1153 1696 1375 1752 delectationibus
1389 1714 1564 1768 oecttpao'ur.

1252 1812 1388 1867 Cortclusio
1406 1815 1508 1883 psolott'.

1020 1918 1210 1987 eognovimus,
1228 1920 1379 1974 charissimi
1396 1921 1504 1986 tratres,
1522 1923 1602 1992 quote
1617 1925 1653 1978 sit
1669 1926 1775 1993 pericu·

986 2010 1052 2072 lom,
1065 2011 1087 2064 si
1101 2011 1242 2075 loquamur
1256 2011 1376 2075 iocautc;
1392 2015 1567 2083 eognovimus
1584 2026 1717 2084 quantum
1731 2033 1777 2072 not

985 2109 1105 2157 nictoere
1117 2100 1275 2168 debeamus,
1289 2102 1360 2171 quod
1376 2105 1560 2159 sanctissimus
1577 2109 1710 2176 proplteta
1725 2109 1776 2164 ior·

985 2192 1079 2246 midat.
1092 2193 1205 2259 Quando
1218 2194 1290 2248 enim
1313 2209 1365 2249 non
1384 2207 1431 2250 not
1452 2198 1634 2267 rattitotpomn
1651 2204 1774 2272 snbriplt,

984 2295 1030 2338 aot
1040 2282 1201 2339 desiderium
1215 2284 1339 2340 bilsitatis
1350 2286 1451 2341 inducit
1460 2289 1485 2341 *.
1499 2289 1720 2361 ltioguoestqun
1731 2309 1776 2349 nos

986 2374 1068 2429 trnltit
1078 2375 1232 2444 [requenter
1243 2376 1276 2430 ad
1294 2377 1368 2444 vitiu,
1383 2391 1462 2447 ettam
1483 2395 1536 2433 tttto
1552 2380 1634 2435 tttodo
1647 2385 1777 2440 tutissime

985 2466 1127 2530 uincimus,
1149 2469 1171 2522 si
1194 2482 1253 2522 eam
1276 2483 1384 2537 semper
1398 2469 1501 2523 [loniini
1518 2470 1643 2525 laudibus
1665 2489 1777 2542 ttecttpe-

985 2571 1055 2610 mos.
1070 2557 1207 2626 Loquetur
1219 2558 1283 2612 illud
1298 2574 1414 2628 semper,
1431 2560 1475 2612 ubi
1491 2561 1579 2614 nescit
1595 2577 1703 2627 errare,
1718 2575 1776 2636 agat

986 2663 1053 2715 opus
1067 2649 1164 2703 attimae
1179 2648 1359 2718 protutorem,
1374 2651 1474 2705 serviat
1487 2663 1653 2709 veneranter
1665 2658 1774 2709 auctoni.

984 2738 1059 2791 'l'uoc
1072 2739 1144 2793 enim
1160 2738 1202 2792 ori
1216 2748 1308 2793 nostro
1322 2741 1473 2795 custodiam
1495 2744 1631 2810 ponimns,
1644 2743 1669 2797 si
1681 2745 1776 2813 jupiter

985 2830 1091 2885 Domini
1108 2831 1232 2886 mundata
1247 2832 1417 2888 meditemur.
1432 2833 1501 2891 suet
1512 2837 1584 2890 enim
1597 2839 1623 2890 in
1636 2840 1717 2903 mulo,
1731 2838 1774 2907 qni

984 2935 1036 2975 nott
1058 2930 1126 2976 tut-et
1142 2922 1258 2988 bonum;
1275 2937 1323 2978 nee
1337 2940 1413 2979 error
1425 2927 1549 2993 subripit,
1567 2928 1612 2981 ubi
1627 2943 1658 2982 se
1677 2932 1774 2982 teritos

982 3012 1102 3067 cretosus
1125 3014 1261 3070 intuderit.
1283 3016 1349 3069 uim
1373 3015 1396 3069 si
1417 3031 1432 3069 a
1460 3017 1538 3071 nobis
1556 3021 1686 3086 cogitatio
1707 3019 1775 3072 mala

983 3107 1158 3170 subducatur,
1170 3108 1193 3161 si
1209 3122 1284 3162 actos
1295 3109 1642 3178 turpissimossegregamr,
1657 3112 1706 3164 sia
1722 3127 1775 3161 tna·

1317 3201 1477 3265 dividamur,
1501 3210 1564 3256 tuuc
1586 3204 1629 3271 (nt
1648 3201 1775 3271 propheta

983 3295 1059 3365 dicit)
1077 3296 1191 3349 lietuino
1204 3296 1353 3364 singulares
1366 3297 1526 3363 elliciemnr,
1543 3303 1652 3367 quando
1666 3297 1775 3352 minimo

983 3388 1106 3457 pessituis
1122 3387 1329 3455 cogitationibus
1348 3387 1525 3456 itttplicatnor.
1581 3394 1592 3404 ‘

1242 3498 1400 3555 assellus
1420 3498 1509 3554 citet.

1026 3608 1175 3664 intellectus
1189 3608 1285 3674 liouid,
1300 3626 1358 3664 cum
1378 3622 1442 3666 earet
1456 3614 1482 3665 iu
1497 3612 1622 3682 spelunea
1637 3616 1729 3669 oratio.

1018 3701 1118 3756 Psoltui
1133 3715 1213 3755 eurise
1236 3705 1362 3770 praesenti
1381 3704 1488 3772 quidem
1504 3706 1581 3758 titolo
1594 3715 1771 3760 coronetur:

980 3792 1028 3847 scd
1043 3808 1090 3861 per
1104 3792 1297 3849 similitudines
1316 3796 1493 3863 corporalium
1519 3811 1610 3850 rernm
1629 3799 1773 3867 spiritualis

979 3886 1019 3941 rei
1035 3887 1111 3941 nobis
1125 3899 1283 3955 compotens
1297 3890 1431 3958 probetur
1445 3875 1582 3946 iudicium.
1603 3893 1686 3947 utinm
1701 3897 1769 3947 enirn

978 3974 1049 4029 itlius
1060 3974 1136 4031 lesse
1151 3976 1258 4032 Sometn
1277 3980 1425 4047 prinoipem
1442 3981 1516 4044 luit,
1540 3996 1567 4036 et
1583 3997 1647 4035 coto
1670 3982 1697 4036 itt
1713 4000 1769 4051 spe-

979 4067 1056 4123 lmtco
1074 4069 1169 4124 lateret
1189 4072 1277 4125 orauit
1300 4070 1327 4141 (l
1349 4072 1411 4143 llep.
1432 4072 1518 4143 ritu),
1540 4076 1614 4143 quod
1633 4076 1767 4130 bortritmnt

977 4157 1111 4213 Christum
1126 4162 1153 4214 in
1171 4176 1285 4231 corporo
1299 4172 1361 4218 ante
1377 4167 1527 4233 possinttettt
1542 4181 1621 4220 suum
1637 4172 1766 4235 signitica-

977 4254 1022 4308 bat
1035 4269 1096 4308 esse
1111 4252 1252 4308 iacturum.
1267 4255 1332 4308 Nam
1347 4271 1408 4311 cmrt
1425 4258 1486 4310 ltuie
1500 4260 1614 4313 orotioni
1632 4259 1767 4313 intellectus

976 4345 1156 4414 praetttittitur,
1169 4347 1201 4399 ati
1218 4347 1292 4399 ¹titum
1311 4348 1370 4401 tatio
1382 4353 1548 4410 cotttpartttio
1560 4352 1659 4405 reterri
1674 4355 1765 4406 dem-re

977 4448 1153 4503 monstrator,
1166 4439 1210 4505 qni
1224 4449 1408 4503 persecutores
1419 4454 1485 4494 sttos
1495 4449 1601 4495 ttrtttltlo
1618 4455 1713 4504 troius,
1729 4444 1765 4494 tlt·

131 4523 229 4576 lrtttrcs
245 4527 404 4594 proveniunt
426 4527 571 4596 inquietos,
587 4530 630 4596 otti
647 4531 702 4597 lite,
716 4534 840 4600 soperbia
860 4551 920 4589 san·
937 4536 964 4598 Ι)
979 4542 1117 4581 neruorum
1132 4527 1250 4583 'bellium
1272 4530 1468 4597 permutatione
1487 4530 1660 4598 ⁰1¹¹³¹¹¹⁸0⁵¹i
1677 4545 1762 4599 ‘illm‘

130 4621 201 4666 otattt
213 4613 348 4683 retugium
360 4615 528 4681 alteritatem.
540 4617 607 4683 Quid
621 4619 735 4674 tumuit
750 4634 811 4677 suut
823 4623 921 4687 sirmis,

132 4705 153 4756 oi
170 4718 216 4758 cos
230 4713 283 4758 tunt
299 4707 461 4774 praeoipoom
475 4721 571 4761 monus
585 4711 724 4781 contingat
737 4715 876 4769 amittere?
890 4717 924 4772 Et

131 4797 235 4865 respice
256 4798 316 4867 quia
338 4808 397 4868 post
414 4798 522 4869 laqueos
544 4803 669 4859 scandata
685 4806 777 4874 ponit:
795 4810 920 4877 qnoniam

127 4888 292 4943 izttetcrotor
312 4888 358 4944 illo
383 4893 525 4958 pessiotus,
547 4896 653 4962 otton-lo
669 4911 716 4964 per
732 4899 840 4967 loqueos
865 4916 917 4954 non

128 4978 244 5045 potuerit
264 4976 403 5048 decipere,
430 4983 563 5037 seantluls
588 4994 680 5039 ttttttor
699 4989 814 5056 gratiam
840 4990 918 5045 nobis

128 5068 280 5124 llininitutis
293 5070 410 5125 auterre.

162 5149 298 5216 Versl2.
324 5159 470 5217 dedentio
493 5165 643 5220 retiaculum
668 5168 725 5239 ejus
749 5179 916 5236 peccatores:

124 5258 287 5328 rirtputuriter
307 5273 365 5323 sum
388 5274 435 5327 epo
452 5259 531 5312 doure
547 5269 686 5315 trameant.
709 5261 777 5316 Ecce
796 5263 868 5318 unde
888 5278 918 5320 so

124 5350 248 5416 superius
268 5349 375 5417 petebat
389 5350 469 5418 eripi,
487 5367 520 5405 ne
541 5352 677 5408 debitis-et
692 5355 839 5409 cottibittari
855 5370 917 5410 com

125 5439 230 5493 talibus.
254 5439 287 5493 Et
310 5439 606 5510 uitlequentudntodmn
622 5447 816 5512 corripuistioni
838 5446 916 5501 inette

123 5540 183 5597 rtptn
200 5529 278 5585 rerba
291 5533 468 5586 consentiant.
490 5534 519 5588 ln
532 5535 630 5590 dialtoli
644 5538 801 5593 retiaculum
816 5538 915 5594 cadent

704 5645 729 5673 ὰ

156 5702 171 5736 “
192 5705 283 5758 blelitts
297 5706 331 5760 ibi
342 5716 486 5776 potiretur
497 5718 621 5779 punctum
635 5710 813 5782 interrogans.
834 5712 911 5766 Entr.

976 4636 1026 4673 nus
1041 4630 1068 4673 et
1084 4623 1129 4674 ltet
1145 4619 1239 4685 Filius,
1255 4622 1324 4690 quod
1340 4623 1373 4675 do
1394 4639 1423 4676 sc
1438 4639 1484 4693 per
1507 4626 1654 4692 propbetas
1670 4629 1761 4695 promi·

975 4722 1048 4765 serat
1060 4712 1229 4780 adimpleret,
1244 4723 1271 4766 et
1285 4716 1423 4770 toritatem
1439 4729 1549 4781 assitmp
1560 4733 1585 4770 re
1607 4733 1698 4771 mesti
1708 4734 1760 4769 ιιι-

974 4805 1017 4856 nis
1039 4806 1204 4857 ostenderet.
1219 4804 1286 4858 Sunt
1302 4804 1374 4858 ettittt
1391 4807 1416 4863 in
1433 4806 1483 4861 ltoo
1498 4807 1605 4873 psalmo
1619 4812 1703 4864 rerba
1718 4810 1763 4862 tto·

976 4893 1039 4946 ntini
1065 4894 1235 4962 solertioris,
1267 4910 1328 4950 oum
1351 4896 1588 4952 sceleratissimum
1614 4900 1762 4962 iudeorum

974 4986 1073 5040 vitotet
1092 4986 1237 5042 insanam.
1255 4985 1332 5043 Unde
1356 4989 1453 5042 ttiotito
1470 4990 1567 5043 lactum
1586 4999 1639 5056 est,
1662 5000 1690 5044 ut
1707 5004 1763 5057 pro·

972 5087 1030 5141 pter
1044 5078 1247 5147 sigrtillcaodartt
1269 5076 1441 5132 llebraeormtt
1458 5080 1689 5146 persecutionem,
1709 5083 1763 5147 luga

972 5163 1055 5218 uniit
1074 5175 1219 5231 poneretur
1234 5164 1264 5218 in
1286 5164 1374 5221 titulo.
1398 5164 1480 5220 Dauid
1505 5167 1580 5222 onim
1594 5168 1677 5239 (sicut
1697 5183 1766 5236 sape

972 5255 1101 5321 diximus)
1124 5264 1263 5325 europem
1291 5264 1426 5311 tertettum
1450 5255 1549 5313 indicat
1570 5266 1601 5314 el
1618 5262 1763 5323 celestem.

971 5348 1016 5402 Sic
1040 5348 1068 5403 in
1092 5363 1146 5402 uno
1171 5349 1280 5405 nornine
1302 5350 1416 5405 duarum
1439 5364 1584 5405 causatum
1609 5351 1765 5422 sigttidoado

969 5441 1132 5494 continetur.
1151 5439 1215 5496 tttutl
1238 5450 1327 5497 autem
1353 5442 1509 5499 meminisse
1528 5442 1675 5511 debemus,
1696 5443 1764 5498 butte

970 5531 1100 5600 psalmum
1109 5533 1231 5602 quintum
1240 5547 1301 5591 cese
1310 5532 1344 5590 de
1355 5533 1396 5590 liis
1405 5535 1450 5606 qui
1463 5533 1651 5595 inscribantur
1665 5535 1762 5592 brute.
