3802 6120
94 234 153 294 tot

546 231 726 290 ettosttut
746 230 778 285 tb'
800 224 1026 288 l'StlLTElllilll.
1046 228 1142 286 rste.
1163 228 1276 287 tillut.

1690 228 1744 287 87⁰

94 351 188 400 datam
202 347 227 400 in
243 352 369 399 teterttuut
385 343 436 398 sibi
451 344 631 400 tlieebnt‘ese
650 343 824 411 serrandum,
840 358 893 413 qun
910 342 1014 412 Arreti.
1031 342 1070 398 Ex
1096 344 1147 398 boc
1165 358 1244 398 versu
1267 341 1407 398 evidenter
1428 351 1554 413 apparet,
1573 353 1600 399 et
1619 345 1747 415 superius

96 439 172 494 betti
187 447 281 492 saneta
295 437 570 508 cntrscieuliajugltet
586 437 771 508 perlruuutur.

137 529 213 584 vtes.
230 528 276 584 ub.
292 527 378 592 Super
392 545 481 584 outnes
496 531 613 584 docentes
633 544 672 582 ure
685 526 801 582 intellexi
815 542 824 580 .·
836 527 898 596 qttitt

95 622 246 676 testimonio
261 630 304 674 tua
316 621 448 675 meditatio
462 638 518 675 mett
532 631 579 676 est.
595 621 705 676 Videtur
724 635 738 674 a
758 620 897 672 lentorum

96 711 252 767 bumilitate
276 711 444 766 sanctissima
460 711 635 779 discrepare,
653 713 676 766 si
690 725 772 776 stu-er
786 709 897 780 tlnpseu

97 817 184 876 atque
195 806 339 876 propbetas
354 805 396 859 rel
412 805 550 873 apostulus
565 807 609 874 qui
629 803 777 858 Ecclesiam
792 799 897 855 btuuiui

100 899 277 967 itttegcrrimn
299 895 350 950 ute
360 894 522 958 docueruut,
539 894 590 948 buc
605 893 705 947 dictum
719 893 832 946 relituus
846 890 898 943 :ul-

100 1001 218 1046 rentem.
232 989 286 1045 Sed
302 987 472 1042 intendamus
483 987 651 1056 superiorem
668 999 787 1047 rersum,
801 993 827 1037 ct
842 998 900 1037 out-

100 1084 146 1140 uis
157 1082 271 1152 questio
284 1080 450 1135 calumniosa
465 1078 592 1134 discedit.
607 1077 663 1131 Nou
679 1078 752 1132 cuitu
775 1075 841 1130 dixit
854 1089 899 1129 su·

100 1192 153 1247 per
162 1184 262 1248 petrea.
277 1173 323 1228 sed
339 1188 416 1244 super
427 1172 546 1225 inimicos
557 1187 639 1236 meos,
652 1171 744 1240 utique
755 1170 799 1238 qui
813 1168 898 1237 legem

102 1266 212 1325 bomini
224 1278 305 1336 praua
317 1263 466 1318 intentione
478 1262 640 1335 docuerunt.
653 1263 703 1316 llic
715 1263 787 1316 euim
800 1257 898 1328 aguit,

102 1357 296 1427 noureprobat
310 1355 377 1428 led„
394 1352 500 1425 probat]
514 1354 674 1423 magistros;
693 1353 795 1407 scillcet
812 1347 899 1420 pirari-

103 1466 176 1508 saeos
189 1451 345 1521 designans,
359 1447 406 1516 qui
423 1462 452 1502 so
467 1446 500 1501 ad
516 1447 632 1501 litteram
657 1440 801 1508 tenentes,
817 1441 898 1511 spici·

103 1546 206 1602 tualcm
221 1541 425 1614 intelligentiam
442 1539 628 1612 negligebaut;
644 1554 712 1611 quos
727 1548 753 1594 et
769 1537 901 1591 llntuiuus

104 1639 135 1693 iu
149 1634 296 1706 Erattgrlio
307 1632 463 1703 frequenter
477 1633 580 1702 arguit;
597 1631 644 1686 sed
659 1646 707 1687 cor
725 1644 819 1686 corum
834 1626 901 1697 lapi·

950 435 1012 489 illus
1024 435 1113 490 dictos
1129 434 1251 491 inludens
1266 436 1310 505 qul
1332 436 1417 507 legem
1435 436 1540 490 btuultu
1563 438 1748 506 nesciebant,

948 536 975 581 et
990 528 1117 582 doctores
1130 528 1273 596 imperitiae
1286 528 1409 582 caeleate
1424 526 1561 594 detentos,
1576 537 1604 583 et
1623 529 1744 585 teniores

952 634 1005 672 uon
1021 619 1147 674 babuisse
1166 620 1354 689 gratissimam
1370 619 1430 676 lldei
1448 622 1622 685 lltutitnteut,
1637 620 1746 690 quentin

950 725 980 765 se
996 709 1060 765 dicit
1071 713 1102 764 ob
1117 711 1188 765 omiti
1203 712 1243 765 citt
1263 711 1331 765 utolo
1355 712 1472 781 ipsurutn
1489 712 1564 779 pedes
1582 725 1645 765 suos
1657 711 1747 782 proiti-

952 802 1045 868 betete,
1061 816 1093 856 ue
1104 816 1198 856 eurum
1214 804 1344 871 potuisset
1356 805 1531 872 perversitate
1545 804 1676 859 subuerti.
1699 804 1745 859 illa

950 902 993 946 est
1006 893 1078 947 euim
1091 893 1191 948 certior
1206 893 1369 963 explanatio,
1384 894 1491 964 quando
1504 908 1534 948 se
1559 895 1615 964 ipsa
1631 907 1746 948 coruscet

951 983 1047 1038 similis
1064 984 1348 1041 declarataucturitas.
1365 986 1419 1042 Sed
1435 986 1574 1041 uideamus
1588 987 1650 1057 quid
1666 987 1746 1044 uoltis

950 1075 1027 1130 istius
1041 1090 1134 1130 uersus
1149 1075 1232 1131 rerba
1251 1077 1419 1146 parturiant.
1443 1077 1481 1130 eb
1505 1079 1574 1131 omui
1589 1080 1630 1130 tritt
1653 1078 1745 1145 malo,

950 1166 1081 1235 signidem
1098 1167 1283 1223 baereticorum
1296 1183 1393 1238 prauus
1405 1176 1434 1224 et
1447 1170 1580 1240 pessimas
1594 1169 1744 1245 suasiones,

951 1259 1048 1328 quibus
1063 1258 1101 1313 illi
1117 1260 1245 1314 eti'iabili
1260 1260 1402 1315 dulcedine
1426 1259 1608 1315 blandiuntur.
1636 1262 1747 1317 Addidit

951 1363 1068 1420 quoque,
1082 1349 1201 1418 probibui
1215 1351 1290 1421 pedet
1302 1368 1380 1416 attor,
1395 1351 1471 1422 qnasi
1483 1351 1669 1408 desiderantes
1684 1351 1749 1407 illue

955 1442 1006 1507 ire,
1024 1442 1069 1496 ubi
1090 1442 1116 1495 iu
1132 1451 1217 1497 atram
1234 1440 1338 1499 iuream
1361 1458 1489 1501 corruere
1511 1448 1671 1516 potuissent.
1688 1450 1750 1502 liri·
1805 1476 1808 1482 ·

952 1532 1049 1602 gittalis
1060 1532 1193 1600 siquidem
1207 1535 1310 1603 peccati
1325 1535 1402 1606 culpa
1414 1550 1514 1606 prunos
1524 1552 1573 1592 nos
1585 1538 1664 1592 trabit
1674 1554 1747 1594 sem·

954 1637 1000 1691 per
1015 1622 1047 1677 atl
1063 1623 1144 1690 rilla;
1161 1633 1186 1679 ct
1200 1624 1251 1679 uisi
1264 1625 1349 1695 gratia
1366 1626 1471 1681 llotuiui
1485 1628 1647 1691 muniamur.
1662 1628 1745 1702 &lib

104 1730 187 1784 deum
208 1727 340 1782 rationem
357 1723 479 1779 ueritatis
492 1723 595 1779 sentire
615 1739 668 1778 nou
687 1723 797 1777 meruit.
814 1709 1080 1795 snpesgln'eilllme
1110 1730 1237 1785 perversa
1277 1717 1403 1773 suasione
1434 1717 1598 1787 decipimur.
1632 1720 1678 1774 llla
1706 1730 1749 1779 est

105 1820 177 1875 tales
191 1817 273 1889 igitur
284 1831 378 1871 omues
395 1814 521 1871 ductores
550 1816 647 1870 merito
665 1814 762 1869 coltors
779 1816 900 1881 lronge·

105 1909 329 1967 licaiutelltxisse
354 1921 384 1963 se
408 1906 505 1963 melius
529 1905 608 1968 dicit:
634 1906 694 1975 quia
721 1904 900 1975 pravitatibus

106 2016 201 2058 eorutu
216 1998 383 2068 repudiatis,
405 1997 539 2052 sinceram
556 1995 707 2050 tloetriuum
725 1993 830 2049 llutttlui
844 1992 903 2048 Sul·

107 2094 210 2150 catoris
222 2091 335 2161 accepit.
354 2088 407 2146 Sed
423 2103 471 2143 cur
484 2087 580 2143 melius
595 2085 769 2153 intellexerit,
793 2098 902 2140 cursam

107 2187 242 2258 designat,
258 2184 320 2254 quia
335 2182 478 2237 testimonia
494 2190 538 2233 tua
556 2180 687 2233 meditatio
707 2195 762 2231 men
776 2187 823 2232 cst.
846 2175 903 2232 iltis

107 2280 182 2335 euim
194 2275 338 2332 testimonio
354 2271 460 2328 Dotuiui
474 2287 526 2325 nou
543 2280 615 2325 eraut
627 2268 767 2333 meditatio,
786 2269 830 2337 qui
843 2284 904 2338 per·

108 2371 238 2429 suasione
253 2366 395 2424 falsissima
410 2365 489 2434 louge
513 2362 584 2417 aliud
599 2377 681 2433 quam
695 2361 798 2416 dictum
816 2361 905 2417 luerat

108 2463 272 2521 sentiebant.

146 2553 223 2610 Vets.
240 2553 300 2608 lbb.
318 2550 402 2620 Super
413 2549 527 2605 tentiones
540 2547 655 2602 intellexi
673 2563 683 2602 :
698 2549 761 2617 quio
783 2546 905 2601 utondttto

108 2658 153 2702 tua
165 2645 297 2715 trqttisiei.
315 2642 371 2698 Nou
387 2652 428 2697 est
444 2643 488 2696 ule
499 2641 628 2709 jbetnutiu
644 2641 772 2706 superba,
796 2638 844 2692 scd
860 2653 905 2693 ue-

110 2735 187 2792 ritas.
203 2734 324 2793 seniores
339 2733 454 2788 dicimus
471 2743 499 2786 et
510 2729 650 2799 sapientiae
662 2730 819 2784 maturitate
835 2744 907 2797 puc-

112 2827 210 2890 elarus,
224 2833 252 2880 et
267 2823 344 2893 longa
361 2836 410 2876 nos
425 2828 505 2875 aetate
530 2818 735 2888 praecedentem
761 2818 794 2872 de
809 2818 863 2888 qud
875 2832 906 2872 us

113 2918 213 2974 dictum
224 2923 280 2970 est:
290 2912 426 2984 interrupte
436 2919 533 2983 putrent
546 2919 626 2972 tuum,
636 2919 659 2962 et
669 2908 830 2963 nnttuutinbit
843 2909 888 2961 tt'bt'
895 2923 907 2965 .·

109 3010 224 3067 statiores
234 3018 304 3071 tuos,
318 3015 341 3060 et
353 3005 439 3058 dicent
450 3004 495 3058 tibi
507 3002 624 3073 (liariter.
637 3017 722 3067 stru,
734 3003 774 3068 Ἰ).
789 3000 906 3054 bleituns

954 1804 1026 1859 euim
1051 1804 1164 1859 Doutino
1176 1803 1288 1876 jurante
1310 1806 1426 1862 salubris
1443 1807 1601 1876 probibitio,
1620 1824 1680 1864 cutu
1697 1812 1749 1867 ltoe

957 1895 1015 1950 lieri
1031 1911 1084 1950 uon
1100 1896 1227 1965 patimur,
1245 1898 1315 1968 quod
1333 1899 1440 1968 plcuutu
1458 1900 1587 1968 perieulis
1600 1899 1747 1958 iuvenitur.

955 1985 1038 2042 Pedes
1053 1999 1143 2042 autem
1160 2004 1239 2054 meos,
1259 1989 1391 2059 signidem
1406 1991 1503 2047 mentis
1522 2006 1750 2064 assensumque

955 2077 1135 2148 uosquodam
1155 2078 1269 2150 vestigio
1291 2079 1366 2135 ducit
1389 2081 1422 2135 atl
1444 2083 1571 2152 culpam,
1595 2095 1621 2138 et
1643 2085 1676 2139 atl
1692 2086 1749 2141 rias

956 2171 1039 2225 mulas
1049 2171 1198 2240 compellit,
1215 2172 1265 2226 uisi
1282 2186 1331 2226 uos
1343 2172 1429 2241 pietas
1443 2173 1595 2229 Divinitntis
1609 2175 1749 2233 alisiense·

957 2263 1149 2334 misequitur,
1168 2275 1195 2318 rtt
1207 2265 1350 2319 custoditum
1364 2266 1467 2320 etrittru
1481 2277 1565 2321 tuom.
1578 2269 1664 2323 tllitct
1678 2269 1750 2325 cuitu

956 2357 1069 2413 uerbum
1086 2358 1193 2413 [ltrmiui
1215 2372 1268 2413 uon
1282 2359 1368 2428 potuit
1387 2359 1538 2424 custodiri,
1554 2361 1604 2415 nisi
1629 2376 1690 2414 cum
1707 2361 1751 2416 illa

957 2448 1085 2519 pestilera
1107 2449 1199 2505 suasio
1222 2451 1352 2520 probatur
1378 2451 1505 2521 expulsa,
1522 2451 1591 2506 sicut
1607 2452 1753 2522 Apostolus

956 2543 1019 2596 dicit
1037 2557 1044 2595 :
1063 2540 1124 2595 Non
1136 2544 1243 2613 potestis
1257 2542 1362 2597 calicem
1379 2540 1482 2623 Doutiui
1500 2542 1598 2610 bibere,
1611 2554 1634 2597 ct
1647 2544 1753 2599 calicem

956 2635 1163 2699 dteutouiorum,·
1185 2649 1234 2688 nou
1255 2637 1361 2702 potestis
1381 2651 1474 2691 uteutte
1489 2635 1596 2689 Domini
1615 2637 1753 2709 partitipes

957 2736 1046 2782 esteet
1057 2740 1149 2780 menso:
1160 2726 1344 2780 demoniorum
1360 2726 1385 2798 (l
1399 2725 1461 2783 Cor.
1477 2744 1503 2791 r,
1519 2727 1566 2794 20,
1582 2727 1641 2800 11).

996 2813 1074 2873 lom.
1092 2816 1154 2872 tlte.
1171 2817 1193 2870 Α
1203 2818 1312 2890 judiciis
1327 2819 1377 2873 tuit
1389 2835 1439 2873 uon
1453 2820 1589 2885 declinari,
1605 2822 1664 2891 quin
1677 2828 1704 2874 ttr
1719 2820 1755 2876 le·

958 2923 1015 2978 pem
1026 2907 1133 2979 posuisti
1147 2910 1219 2961 milti.
1243 2909 1392 2964 Declaravit
1412 2909 1476 2964 ilud
1492 2910 1562 2980 quod
1578 2912 1701 2981 superius
1714 2911 1755 2967 di·

960 3001 1017 3056 til:
1033 3000 1071 3055 eb
1081 3002 1149 3055 omui
1162 3002 1281 3056 eittumlo
1293 3002 1413 3071 proitibtti
1429 3006 1506 3071 pedet
1523 3020 1603 3070 tueor,
1619 3005 1711 3075 utique
1726 3013 1757 3061 ut

114 3102 194 3157 ctiam
208 3100 332 3164 seniores,
347 3107 426 3151 atate
439 3094 547 3166 quidem
565 3105 700 3159 tuaturus,
717 3094 765 3150 setl
782 3096 905 3148 uitiorum
921 3107 943 3169 c
958 3098 1016 3169 ejus
1027 3100 1137 3155 minime
1143 3100 1247 3172 judicio
1258 3102 1406 3155 declinaret.
1419 3100 1464 3158 Sic
1475 3101 1545 3157 euim
1558 3101 1681 3172 perlecta·
1693 3101 1756 3158 bea-

112 3194 283 3251 allcctatiuue
294 3190 363 3264 led,
375 3187 529 3261 allectione]
541 3188 707 3255 letissituos;
723 3187 792 3243 sicut
804 3187 909 3244 ittertuu

113 3285 164 3353 illi,
178 3285 213 3341 tie
228 3282 323 3354 quibus
334 3282 360 3336 iu
378 3280 526 3350 tbangelio
549 3278 679 3349 scriptum
695 3286 758 3333 est:
782 3277 910 3333 Fecerunt

114 3376 259 3432 sacerdotes
282 3373 418 3428 cortsilitmt
439 3387 498 3425 cum
520 3371 679 3437 senioribus,
704 3378 734 3424 tel
759 3386 818 3425 coru
833 3372 910 3425 morti

116 3469 248 3523 trotlereut
262 3466 369 3537 lllntlb.
381 3478 454 3530 utut,
470 3463 552 3534 5,1).
567 3462 646 3519 Tales
662 3477 732 3518 nuuc
746 3465 857 3518 teniores
868 3465 910 3519 di-

117 3558 166 3624 cit,
176 3574 230 3615 uon
241 3571 323 3612 cautes
337 3564 438 3620 utettto,
454 3554 501 3609 sed
514 3569 639 3625 corpore.
652 3554 692 3609 ub
704 3554 762 3610 istis
777 3569 841 3626 ergo
855 3570 912 3616 me-

120 3661 174 3706 rtto
188 3665 218 3705 se
239 3648 355 3719 amplius
377 3646 444 3701 dicit
465 3644 641 3711 intellexiste,
656 3646 764 3715 quando
778 3662 857 3717 quem
873 3646 911 3701 iili

118 3741 246 3812 sacrilega
267 3749 359 3795 mento
376 3744 620 3807 contempserunt,
637 3737 688 3792 iste
704 3752 781 3791 suum
797 3753 912 3794 venera·

118 3833 195 3887 bauer
207 3842 355 3887 auctorem.
374 3830 542 3900 Frequenter
553 3833 624 3886 cuim
640 3830 793 3902 Scripturas
806 3832 912 3888 diuinas

118 3924 238 3994 iuniores
251 3926 347 3981 meiius
360 3925 514 3992 intelligunt
536 3923 700 3979 senioribus.
724 3923 802 3978 Siteul
828 3921 913 3978 lncob

122 4018 166 4087 qui
186 4017 264 4073 seatl
289 4017 503 4072 benotliceudum
528 4016 643 4085 praebuit
662 4026 689 4072 et
711 4031 839 4087 germano
862 4030 913 4072 suo

122 4111 403 4180 proruissumlrucutm
416 4110 507 4179 pritttm
518 4108 712 4162 benedictionis
726 4123 757 4161 nc
774 4109 839 4179 epit.
851 4108 910 4165 Sic·

121 4213 150 4257 ut
168 4202 275 4257 Satuuel
290 4202 387 4258 meiius
410 4200 467 4256 lleli
489 4200 647 4265 sacerdote
676 4201 717 4254 rel
739 4200 833 4255 batilei
854 4216 912 4258 me·

122 4294 174 4348 lius
192 4291 268 4348 lalsis
281 4292 444 4353 senioribus.
468 4307 537 4363 quus
558 4293 617 4363 ipse
637 4291 736 4360 Spiritu
753 4292 799 4348 Del
819 4293 914 4362 plenus

122 4393 207 4441 ntatte
226 4383 375 4440 datuneuit.
401 4383 497 4440 ilelius
523 4385 616 4453 utique
642 4384 776 4439 intellexit
799 4384 914 4454 populus

962 3190 1083 3246 titudinis
1102 3191 1242 3262 integritas
1258 3191 1422 3259 custoditur,
1441 3194 1548 3264 quaudo
1569 3194 1756 3251 haeretieorum

960 3282 1086 3350 iniquitas
1097 3296 1225 3352 peruersa
1237 3281 1382 3355 respuitur.
1394 3283 1532 3356 djudieifr
1543 3298 1607 3354 ergo
1619 3287 1669 3338 tuis
1681 3285 1757 3353 dicit,

961 3373 987 3428 id
1003 3384 1045 3429 est
1060 3389 1120 3443 quae
1136 3383 1179 3428 tua
1195 3374 1319 3430 uoluntas
1333 3384 1424 3429 sancta
1440 3375 1592 3444 constituit,
1611 3386 1637 3431 ct
1652 3376 1758 3435 uir-etuli

961 3468 1040 3522 nubis
1056 3466 1175 3538 regulam
1191 3465 1276 3521 dedit.
1292 3466 1333 3521 Ab
1343 3467 1383 3521 eis
1394 3466 1485 3537 utique
1496 3483 1546 3522 uou
1558 3467 1695 3535 declinere,
1708 3470 1759 3525 ltee

961 3557 1044 3613 estin
1060 3557 1101 3612 ria
1117 3567 1189 3612 recta
1205 3557 1281 3612 consi
1297 3563 1371 3623 tere;
1388 3558 1439 3613 ltoe
1452 3565 1494 3614 est
1504 3557 1537 3612 atl
1550 3558 1679 3614 coeluttuu
1695 3574 1759 3630 gau·

963 3652 1006 3706 dia
1031 3650 1183 3720 peruenire.
1207 3649 1335 3718 Sequitur
1357 3664 1441 3705 causa
1461 3649 1623 3720 probabilis,
1645 3652 1707 3721 quio
1731 3661 1761 3707 tir

963 3742 1044 3814 lepem
1058 3745 1167 3811 posuisti
1179 3743 1251 3796 tullii.
1263 3740 1329 3798 Cum
1342 3744 1426 3813 legem
1440 3759 1488 3812 per
1501 3743 1617 3816 bloyseut
1634 3745 1762 3800 ltoutiuut

963 3833 1081 3895 dederit,
1096 3847 1209 3903 eamque
1218 3832 1330 3902 jusserit
1342 3832 1533 3888 inuiolabiliter
1546 3835 1695 3900 obsecrari,
1707 3851 1761 3894 nou

964 3925 1112 3995 incongrue
1137 3924 1181 3978 bic
1201 3925 1375 3993 Evangelium
1398 3925 1571 3994 intelligimus
1587 3941 1647 3981 eum
1672 3927 1760 3984 dicit:

964 4015 1005 4070 Tu
1015 4017 1096 4087 lepem
1110 4017 1218 4088 potuisti
1243 4015 1317 4069 milti.
1336 4015 1383 4070 lita
1399 4015 1471 4071 euim
1485 4031 1564 4087 quarn
1580 4032 1628 4086 per
1643 4019 1761 4089 ltoysetu

966 4110 1050 4175 tietlit,
1067 4109 1204 4179 pedagogi
1219 4109 1294 4163 uobis
1306 4107 1620 4178 praetermittentium,
1635 4111 1684 4164 lstn
1696 4126 1762 4167 vero

966 4204 1048 4257 totius
1077 4200 1251 4272 plenitudinis
1280 4200 1390 4255 donarit
1417 4198 1552 4255 ellectum.
1579 4200 1674 4257 blerito
1697 4217 1763 4273 ergo

965 4305 1076 4346 sanctus
1100 4293 1213 4362 populus
1226 4291 1259 4345 de
1283 4291 1338 4361 ipsa
1360 4292 1419 4362 lege
1437 4291 1584 4364 gaudebat,
1606 4309 1685 4364 quam
1707 4295 1763 4366 jem

967 4383 1104 4439 eredendo
1119 4394 1287 4453 susceperat.
1304 4383 1426 4454 licitique
1439 4385 1501 4441 title
1515 4388 1576 4457 quid
1595 4388 1727 4458 sequitur.

122 4489 220 4541 nouus,
234 4490 313 4547 quatu
329 4476 420 4531 enlm
436 4475 482 4531 ille
496 4474 638 4540 iudaicus,
654 4475 698 4544 qui
713 4474 826 4530 itlc'ter
841 4476 913 4550 [ures.
933 4488 956 4546 0
1005 4473 1081 4530 llere.
1096 4474 1157 4530 tlte.
1177 4473 1261 4541 Quum
1279 4473 1367 4527 dulcio
1383 4475 1499 4546 [nocitus
1513 4477 1574 4531 ateis
1590 4476 1693 4545 eloquio
1707 4487 1764 4545 tra,

121 4569 168 4633 tl.,
179 4564 225 4633 tt,
237 4563 366 4637 ildeliter]
381 4566 500 4635 suscepit
512 4565 648 4621 Clitistum
668 4565 819 4632 bantinum,
833 4583 914 4636 quam

122 4658 170 4716 ille
179 4657 227 4729 qui
241 4657 380 4713 mortifere
395 4656 511 4713 credidit
524 4672 584 4713 esse
597 4658 781 4712 temnendum.
795 4658 828 4713 Et
841 4667 870 4713 ut
883 4674 916 4715 ea

122 4750 180 4822 ipsa
190 4749 312 4806 ueritatis
324 4750 478 4806 testimonio
489 4749 689 4819 comprobaret,
702 4750 824 4820 sequitur
833 4766 917 4822 quare

122 4842 278 4898 intellexerit
288 4859 367 4913 supro
382 4844 513 4908 senioret,·
537 4844 652 4911 scilicet,
668 4846 728 4916 quio
741 4847 862 4900 mandato
873 4856 918 4899 ltttt

122 4934 256 5005 expeteret.
279 4934 317 4988 llli
332 4935 406 4989 euim
426 4935 448 4990 si
462 4935 640 5006 exquisiissent
656 4937 775 4990 mandato
800 4935 915 5005 bertuini,

123 5037 294 5095 nequaquam
312 5024 500 5092 prudentiores
510 5041 539 5081 se
555 5035 699 5095 potueruut
713 5029 814 5082 babere
824 5028 902 5098 juuio

123 5126 181 5168 res.
193 5112 225 5166 Et
239 5111 299 5166 ride
310 5111 536 5180 quemadmodum
550 5114 669 5168 ueritatis
683 5115 805 5169 ortliuetu
818 5124 918 5171 serrat.

125 5204 197 5262 buit
209 5205 280 5260 euim
297 5207 418 5260 moudntu
430 5216 485 5271 lttu,
501 5223 552 5263 uun
566 5209 702 5264 homiuum
716 5227 918 5280 perversurum,

123 5294 270 5365 dequibus
283 5295 386 5351 dierum
401 5307 442 5352 est
456 5315 462 5350 :
476 5295 630 5368 lpttnroutos
644 5302 710 5352 enim
717 5303 846 5373 justitium
861 5301 919 5369 litt,

124 5400 149 5443 et
166 5405 239 5442 sutrin
261 5389 371 5443 colentes
395 5393 567 5457 eottstituerc,
588 5392 699 5463 justitiet
722 5394 768 5449 bet
790 5411 840 5449 uon
861 5408 920 5452 suut

124 5481 234 5554 subiecti
250 5482 336 5553 (lione.
352 5499 378 5548 ιι,
396 5485 434 5554 3).

162 5567 242 5630 Veis.
261 5576 320 5630 llll.
338 5576 375 5629 db
391 5578 459 5631 oenru'
472 5579 512 5631 uio
528 5579 596 5632 utute
611 5577 731 5650 prohibui
747 5577 824 5645 pedes
841 5596 920 5641 tueor,

127 5676 157 5720 ul
176 5670 318 5722 tttttoditun
335 5671 433 5724 terium
457 5680 527 5724 tuum
549 5669 628 5744 [mss.
650 5670 696 5736 1.,
715 5669 757 5739 B.,
776 5669 819 5737 t,
847 5671 920 5726 cerlo

967 4582 1045 4638 cuper
1069 4567 1118 4621 utel
1132 4573 1156 4619 ct
1181 4565 1269 4636 [eoum
1295 4566 1334 4619 ori
1356 4567 1430 4620 utto!
1443 4568 1665 4634 uontpteatlones
1692 4569 1763 4636 ister,

969 4659 1090 4732 quamuis
1103 4658 1204 4727 aliquid
1220 4659 1359 4714 rideantur
1371 4659 1471 4714 babere
1485 4662 1658 4728 praecipuum,
1675 4672 1765 4720 tamen

974 4767 1027 4807 uon
1045 4758 1157 4822 possunt
1170 4750 1250 4807 rebus
1268 4752 1449 4820 spiritua'ibus
1465 4754 1614 4823 eraquari,
1629 4753 1677 4808 nisi
1693 4768 1767 4810 seut·

972 4859 1020 4914 per
1032 4853 1158 4913 ponatur,
1169 4858 1255 4910 super,
1273 4842 1343 4898 sicut
1358 4843 1384 4897 iu
1404 4859 1473 4898 noun
1493 4844 1580 4898 littera
1593 4845 1647 4912 jam
1663 4842 1767 4898 dictum

971 4942 1010 4990 cst
1027 4952 1034 4988 z
1051 4931 1151 4987 Bonum
1163 4933 1224 4987 milti
1247 4933 1287 4987 lea
1307 4936 1358 4989 orit
1371 4935 1408 4988 tui
1418 4951 1493 5005 super
1507 4934 1589 4988 utilliu
1609 4937 1701 5004 attriet
1722 4951 1768 4989 or-

971 5030 1061 5100 peuti,·
1081 5036 1108 5082 ut
1121 5041 1152 5082 ea
1168 5027 1276 5096 quidem
1304 5027 1373 5081 lutet
1397 5026 1521 5083 botuli-es
1544 5029 1696 5098 precipua,
1720 5025 1769 5083 sed

971 5121 1236 5192 diuinaejucuuditati
1254 5118 1380 5175 lulctiora
1393 5136 1452 5175 esse
1463 5135 1621 5190 courtoscas.
1639 5119 1769 5189 spiritua·

971 5215 1041 5268 libus
1057 5216 1146 5284 iteepte
1166 5212 1271 5269 de'ieiis
1290 5229 1384 5283 magna
1411 5215 1533 5269 ubertn¹e
1557 5214 1695 5286 saginatus
1721 5228 1770 5283 pn·

973 5307 1051 5377 pulus
1066 5306 1160 5362 beatus
1172 5307 1328 5363 exclamat:
1347 5306 1431 5373 Quum
1453 5307 1540 5360 dulcia
1566 5306 1683 5378 puerellus
1707 5304 1771 5361 nteit

974 5401 1076 5464 eloquin
1090 5402 1153 5454 tun!
1170 5400 1308 5456 llicettdu:
1325 5401 1422 5465 Qttatu,
1445 5414 1567 5469 magnum
1580 5399 1687 5470 quidem
1708 5397 1772 5452 dul·

974 5491 1096 5548 cediucut
1119 5490 1171 5544 sibi
1186 5506 1246 5545 ese
1266 5489 1402 5559 prolcssus
1413 5498 1469 5554 est,
1487 5489 1533 5543 sed
1551 5503 1603 5544 uon
1619 5502 1698 5560 quatu
1715 5486 1770 5540 lin·

934 5651 936 5656 Ι
975 5597 1025 5652 gua
1037 5581 1166 5651 potuisset
1178 5581 1340 5648 exprimere.
1355 5579 1422 5634 Nutu
1439 5594 1499 5633 cum
1514 5581 1602 5634 munis
1615 5589 1708 5650 gustus
1721 5590 1768 5633 sa·

977 5673 1033 5744 piat
1046 5674 1072 5728 ln
1094 5672 1197 5744 palato,
1224 5669 1449 5728 considerandum
1470 5679 1512 5726 est
1534 5671 1577 5728 ltlc
1591 5686 1674 5743 quate
1693 5667 1772 5736 tliri,
