3794 6128
126 267 177 324 tou
730 265 770 319 ¹ll.
794 263 935 322 nonulli
953 262 1152 324 casstottolll
1703 266 1757 323 900

123 378 255 433 iroctrimn
270 375 428 431 deteriorati
442 376 580 431 rennuunt
604 388 640 431 cat
666 375 742 447 (lani.
772 393 833 444 utu,
858 378 889 449 l)
904 379 916 434 i
930 393 953 450 p
965 395 1017 436 nec
1036 381 1323 449 desinitssmmremre.
1349 377 1405 435 lina
1419 381 1478 434 ovis
1491 390 1533 435 est
1555 374 1716 436 cunctorum
1727 384 1760 435 n-

125 469 161 523 Et
173 469 235 522 alibi
252 485 258 519 :
274 465 384 520 licotero
411 464 515 521 Doruiui
527 469 586 537 terit
603 468 731 533 uirtutem,
747 469 915 526 nesterone-
971 472 1069 526 dclium
1099 481 1194 526 saneta
1220 471 1411 540 congregatim
1438 472 1573 541 euerritur
1598 480 1668 526 uaris
1694 486 1760 542 gres

126 560 189 613 astiti
203 557 325 613 multavit
341 555 581 628 irtell’suloaur,
605 559 662 628 lii).
678 559 846 630 Quapropter
855 561 917 616 site
956 572 995 618 .et
1019 576 1088 616 uirus
1114 569 1158 615 est
1179 567 1282 631 pastor.
1305 561 1345 617 lit
1361 561 1464 632 respice
1481 568 1561 632 quam
1584 561 1700 619 inorme
1723 565 1760 622 rei

126 664 244 711 manuni,
266 646 325 701 sire
338 645 560 713 bracirirrm‚›sire
573 648 815 717 sisenandum,
835 651 918 720 signi·
960 651 1119 721 :comparati
1137 652 1363 717 nuntiantibus,
1389 650 1497 721 otiando
1516 665 1532 705 a
1555 650 1658 708 Cliristl
1676 652 1760 724 gratia

127 745 221 800 incatur
237 743 362 798 Dominus
377 743 509 798 l'irristus.
527 743 721 798 blndusautent
740 744 790 800 iste
805 746 919 800 locuun—
965 745 1146 808 deseruntur,
1173 743 1216 797 ori
1240 743 1365 797 uidelicet
1392 744 1512 810 erranti,
1544 754 1605 814 orte
1624 745 1761 814 ‘panonia

116 832 483 903 ‚nisireqrtcnterinncnitur
506 835 914 906 irr:psalnris,quernproprium
968 842 1058 905 patet,
1076 848 1145 905 ¹irritu
1175 833 1371 903 direptionibus
1398 834 1521 904 luporum
1551 833 1673 905 exposita
1704 848 1759 903 est,

128 927 275 995 Scriptura
290 927 387 982 divinae
403 941 455 980 non
468 926 602 979 immerito
614 926 770 993 dixerimus,
784 937 813 981 ut
829 938 870 983 est
883 928 917 982 il·
962 942 1048 996 vtritam
1064 942 1115 980 uon
1131 926 1199 997 ¹luga
1221 925 1329 996 eripiat,
1353 941 1403 981 nec
1426 930 1548 996 corporis
1573 929 1761 986 valetudode·

128 1018 173 1073 lud
191 1037 197 1071 :
215 1017 293 1072 Fiunt
307 1033 381 1071 aures
399 1026 448 1072 tue
467 1019 623 1072 intendentes
645 1019 671 1072 in
692 1020 832 1073 notionem
853 1020 919 1074 usti
970 1016 1061 1072 lendat
1076 1016 1147 1072 :sed
1171 1016 1297 1086 quidquid
1313 1017 1490 1074 libitumttst
1511 1018 1648 1075 insidianti
1674 1023 1760 1090 peric-

128 1112 165 1166 tui
180 1110 265 1181 (Psoi.
286 1125 377 1179 eruit,
395 1110 439 1179 Ξ).
454 1109 504 1178 Qui
523 1109 625 1164 modus
648 1110 745 1166 dicitur
766 1112 914 1180 optatisus.
970 1119 1022 1174 rat,
1037 1122 1098 1164 cnm
1120 1119 1181 1164 eant
1199 1111 1242 1164 ris
1255 1111 1375 1178 corporis
1391 1111 1464 1164 trulla
1485 1110 1621 1167 delendae.
1645 1112 1678 1168 lit
1692 1114 1759 1172 beate

130 1203 251 1259 Postulat
261 1216 325 1272 ergo
337 1203 428 1257 venire
441 1202 580 1258 Domitium
593 1202 770 1268 Salvatorern,
781 1218 915 1274 pcrqttesn
966 1201 1069 1256 dictum
1083 1212 1144 1257 est:
1167 1201 1231 1267 Qec
1242 1204 1362 1270 perierat,
1385 1212 1414 1259 nt
1427 1214 1589 1273 agnosceres
1605 1205 1759 1263 inisericor-

129 1310 190 1350 cum
204 1294 313 1361 reliquis
326 1309 355 1348 se
371 1292 724 1349 noueratessesalrandum.
734 1293 812 1362 Quod
824 1304 917 1351 autom
970 1295 1014 1350 din
1026 1295 1135 1350 Domini
1148 1294 1230 1350 luisse
1250 1303 1394 1364 repertam,
1410 1294 1455 1365 oui
1473 1295 1588 1351 errantia
1616 1296 1759 1368 recolligit,

133 1385 198 1439 dicit
212 1402 218 1438 :
237 1385 309 1456 nteqi
323 1385 445 1438 mandato
458 1393 513 1453 tun,
533 1386 622 1439 omitia
637 1399 667 1439 se
689 1384 806 1452 pericula
830 1402 922 1441 amore
972 1395 1000 1442 et
1014 1386 1115 1456 perdita
1129 1386 1247 1442 bonitate
1260 1401 1316 1441 suce
1331 1387 1437 1456 pietatis
1450 1387 1573 1457 acquirit.
1586 1385 1642 1443 Sed
1655 1386 1701 1442 illa
1715 1403 1760 1442 na-

132 1476 237 1530 Domini
254 1477 435 1546 postposuisse
451 1483 581 1530 testetur.
606 1475 699 1530 Nullus
712 1476 796 1555 ¹enirn
820 1477 920 1548 aliquid
968 1485 1036 1532 tura
1052 1477 1276 1534 tactaturnecttlis
1290 1487 1317 1532 ct
1330 1478 1455 1532 omnibus
1466 1485 1613 1533 monstrata
1634 1475 1761 1547 [rapidos.

130 1569 203 1638 eligit
217 1569 289 1631 boni,
306 1570 355 1622 nisi
371 1568 411 1621 liis
422 1568 556 1623 contraria
567 1568 767 1639 contempsisse
783 1570 922 1626 doeeatur.
968 1568 1157 1624 incarnatione
1179 1567 1285 1623 bomini
1300 1567 1388 1623 omnia
1405 1567 1478 1635 vicit,
1496 1568 1585 1621 omnia
1611 1569 1758 1636 summit,

169 1659 247 1714 Vens.
262 1658 322 1713 lil.
343 1657 696 1727 denominationum,
711 1660 828 1726 boariae,
844 1672 866 1715 et
876 1663 922 1717 do
972 1671 1002 1716 et
1015 1660 1138 1716 omnibus
1153 1660 1257 1716 reddita
1270 1667 1313 1715 est
1326 1658 1467 1726 excelsior,
1481 1673 1540 1730 quae
1558 1659 1664 1728 pridem
1680 1660 1760 1716 rido-

132 1760 175 1806 tuo
187 1752 318 1806 resultatio
332 1761 442 1807 nteoest.
453 1750 579 1809 Perterrit
591 1754 624 1808 ad
636 1753 963 1839 Clrristurnliomiuumtss
977 1752 1053 1806 batur
1066 1751 1210 1818 humilior,
1226 1751 1300 1806 -sldut
1323 1750 1388 1805 dicit
1411 1749 1555 1821 Apostolus
1571 1768 1578 1804 ι
1599 1750 1654 1806 ¹Cui
1677 1760 1764 1806 neten

132 1857 286 1902 sanctornm
301 1845 466 1902 manifestior
483 1858 510 1902 et
523 1847 652 1903 absoluta
671 1845 836 1918 deprecatio.
856 1849 927 1917 dpe-
970 1846 1123 1916 ttentoriorum
1137 1842 1203 1898 diait
1214 1843 1370 1913 aliquunde:
1382 1840 1448 1898 Sede
1459 1860 1475 1898 o
1488 1839 1585 1897 deutris
1597 1842 1676 1909 tude,
1686 1843 1766 1898 ἀοιικ

132 1939 186 1994 ruit
199 1937 324 1994 adunatio
338 1938 488 2006 beatorum,
511 1938 581 2008 onon
609 1939 683 2007 prius
708 1952 756 2009 per
783 1938 925 2008 enigmata
979 1934 1421 2005 nonomininrirosteosacodellnsn
1438 1934 1533 2005 pedum
1546 1943 1650 1989 tuontn
1672 1933 1768 2006 (uon.

133 2041 225 2102 petere
240 2031 390 2087 videbatur.
413 2031 500 2099 lpsum
523 2031 594 2087 enim
619 2031 710 2088 videre
733 2031 924 2102 edomuerint,
976 2027 1084 2096 r‚lb)⁴l
1095 2025 1233 2096 Sequitur,
1247 2027 1348 2097 require
1359 2041 1459 2111 sernum
1471 2022 1690 2082 ‘taumfiltbisto
1701 2025 1770 2082 diei·

138 2137 219 2193 quem
230 2120 264 2177 de
277 2131 353 2178 utero
367 2122 490 2192 virginali
502 2122 648 2178 illisadlrue
659 2121 822 2191 temporibus
833 2121 927 2177 cretle-
976 2127 1024 2171 tur
1039 2118 1148 2186 repaire,
1159 2117 1284 2186 quoniam
1305 2123 1400 2171 terion
1415 2119 1503 2185 poten
1519 2115 1699 2172 inlinnttttas
1721 2116 1772 2172 btt-

136 2214 181 2269 bat
194 2227 255 2269 esse
276 2222 427 2269 venturum.
453 2215 485 2270 lit
508 2223 536 2268 ut
557 2214 608 2270 sibi
630 2214 699 2269 lianc
722 2214 862 2269 solentiam
889 2212 925 2267 do
977 2222 1055 2262 mana
1069 2206 1373 2277 perquirerendditom
1388 2215 1430 2263 et
1444 2206 1598 2277 quodsaep'e
1611 2206 1775 2278 quidemdi·

135 2304 282 2373 Scripturis
306 2304 406 2360 diuinis
419 2305 581 2375 ¹provenisse
602 2313 775 2374 monstraret,
792 2304 926 2374 sequitur,
977 2308 1049 2357 ctum
1060 2298 1268 2365 est,sctlmerlto
1281 2309 1376 2353 cuncta
1387 2296 1779 2369 concluditaqutrniamjtntns

139 2397 174 2451 lt't
190 2397 233 2451 les
247 2406 292 2450 tuo
311 2398 440 2452 maturio
455 2414 510 2451 men
525 2407 571 2452 ert.
585 2396 613 2452 ln
626 2396 761 2466 prophetis
775 2397 846 2452 enim
861 2410 925 2449 con·
978 2395 1029 2447 istc
1039 2391 1194 2462 rcqrriritur,
1206 2389 1251 2461 qui
1263 2390 1386 2443 mandute
1397 2386 1780 2460 ejusnoitpro'baturoilitas.

138 2489 270 2557 comnenus
282 2486 366 2559 m
379 2487 514 2543 corinun
530 2488 681 2553 Dontinum,
700 2486 824 2557 aquibus
837 2485 924 2542 nasei
1243 2478 1391 2535 Conclottv'
1400 2478 1501 2550 metue.

136 2589 225 2635 tinum
239 2595 299 2636 eum
312 2588 472 2650 cognoceret
482 2594 542 2636 esse
555 2580 756 2648 prophetatum
768 2585 799 2633 ot
813 2590 927 2633 necesse
1014 2570 1223 2641 vlimp'ectondus
1234 2571 1354 2626 suaviter
1364 2569 1476 2624 omniurn
1499 2567 1632 2639 maletus,
1646 2567 1704 2639 ¹qui
1727 2566 1782 2624 tali

133 2681 194 2728 erat
210 2687 304 2728 amore
326 2686 420 2741 magno
434 2673 533 2740 eructi,
556 2685 634 2741 quem
648 2679 710 2725 autc
724 2679 763 2726 tot
783 2670 880 2726 secula
895 2668 927 2723 atl
981 2664 1153 2720 cortiessione
1168 2663 1255 2718 furnus
1268 2670 1320 2728 est,
1344 2661 1499 2733 prolixitate
1513 2677 1637 2734 magnus,
1653 2662 1780 2719 admira-

135 2763 633 2833 salutentltumouigenerisdidiocrat
647 2763 806 2817 iudicatum.
984 2756 1057 2807 little
1085 2753 1275 2821 tifflflltitillillss
1298 2750 1437 2817 Willis,
1463 2753 1656 2809 effluentium
1683 2768 1779 2811 rorum

171 2854 248 2909 vers.
266 2855 326 2909 tto.
351 2853 423 2909 Vinea
435 2856 584 2909 onirrtnmea
602 2866 624 2908 et
641 2853 843 2920 tundarinen
854 2854 930 2924 judi·-
981 2847 1136 2900 ariroeaitate
1148 2845 1295 2913 paradisus,
1310 2858 1390 2915 qoem
1406 2845 1532 2900 virtutum
1555 2842 1675 2902 floribus
1692 2862 1774 2902 orna-

135 2946 176 3000 sio
190 2955 234 3000 tuo
247 2945 465 3015 adjurabamus.
482 2944 520 2998 lid
534 2946 620 3011 ipsum
634 2943 751 3013 loquitur
767 2942 931 3013 quemdesi·
985 2950 1052 3005 ttrrn,
1068 2953 1115 3008 per
1136 2936 1306 3008 alphabetum
1334 2939 1505 2995 llebrtoorttrn
1530 2950 1692 2995 sanctorum
1718 2954 1772 2994 om

138 3037 280 3094 deratcrat
293 3037 400 3100 intueri,
419 3038 581 3107 promittens
593 3036 705 3090 misnam
719 3049 794 3090 strom
810 3034 836 3089 in
851 3042 930 3089 taeteru
984 3031 1058 3086 nium
1074 3029 1302 3087 imnrarcescibilis
1322 3036 1420 3087 corona
1439 3031 1569 3088 cantant.
1584 3032 1618 3087 Et
1634 3040 1668 3088 ut
1682 3032 1768 3088 simill-

136 3146 202 3186 num
232 3131 323 3193 nitore,
350 3145 429 3199 quam
458 3129 611 3184 salutariter
639 3135 751 3183 norcrat
771 3127 928 3183 credidisse.
942 3148 970 3213 c
984 3123 1089 3178 sudines
1106 3122 1209 3193 aliptes
1231 3123 1361 3178 derebus
1385 3124 1550 3180 naturalibos
1572 3125 1766 3194 'exqmrarnum

136 3220 307 3285 Loudmitte,
319 3220 423 3273 cantico
436 3218 538 3272 seilicet
548 3233 628 3283 noro,
642 3217 712 3289 qtrnd
724 3216 805 3272 bomo
820 3218 866 3272 illo
879 3216 929 3272 de·
983 3215 1052 3271 sieut
1065 3229 1145 3285 gerres
1167 3215 1264 3270 littoris
1281 3209 1383 3270 Grecis
1397 3216 1502 3270 amatus
1522 3228 1588 3270 suos
1602 3215 1764 3287 depingunu

137 3313 182 3369 bot
193 3313 349 3368 salutariter
360 3312 512 3366 innovatus.
526 3309 630 3364 iudicio
646 3325 710 3366 vcro
724 3310 767 3365 illa
779 3310 855 3375 dicit,
871 3324 931 3380 quae
983 3316 1011 3364 et
1026 3315 1099 3362 tanta
1115 3305 1194 3376 nitius
1218 3306 1258 3361 rei
1279 3307 1324 3361 ris
1337 3314 1389 3373 cst,
1407 3315 1436 3361 ut
1450 3307 1575 3377 utramvis
1599 3312 1666 3362 :ires
1688 3308 1767 3375 amnes

137 3417 168 3458 se
181 3403 208 3459 in
223 3402 331 3458 lamulis
344 3402 400 3456 suis
414 3402 542 3456 Dominus
568 3402 688 3470 prornisit
701 3415 761 3456 esse
783 3401 929 3469 lucturum,
986 3396 1118 3465 nesciant,
1129 3405 1278 3452 inmenens
1289 3397 1404 3452 naturali
1418 3398 1586 3453 institutione
1598 3407 1766 3468 componant.

139 3494 167 3551 id
187 3502 240 3562 est,
257 3494 358 3560 Venite,
374 3494 499 3550 mandisti
510 3493 595 3559 Petris
616 3494 676 3560 mei,
690 3494 810 3561 percipite
826 3510 932 3565 reprom
984 3492 1106 3547 Vidimus
1118 3490 1199 3562 igitrtr
1209 3491 1269 3559 ejtrs
1288 3491 1438 3546 sententias
1450 3491 1524 3561 ornei
1538 3486 1634 3547 stellas
1654 3491 1767 3548 stanni-

137 3585 205 3655 pnod
216 3585 412 3652 cobiepnratsnt
423 3593 460 3637 est
474 3583 506 3636 ob
517 3583 614 3654 oripine
630 3583 720 3636 mundi
738 3581 849 3655 (lluttlt.
869 3598 931 3648 xxv,
982 3598 1041 3638 mas
1055 3584 1081 3638 in
1092 3583 1162 3638 coelo
1180 3581 1309 3637 altissimo
1322 3581 1612 3648 collocatas3‘niilimus
1635 3581 1768 3652 ampliani·

138 3673 196 3744 bl).
209 3674 366 3728 Ttmcenirn
379 3671 500 3743 perfecte
511 3674 641 3729 secreuit
653 3672 810 3742 jurandum,
825 3673 932 3744 quarrdo
981 3686 1055 3727 metm
1069 3684 1142 3728 mare
1152 3672 1205 3728 illis
1226 3671 1342 3740 piscibus
1358 3672 1475 3741 umen,
1497 3678 1565 3742 quos
1586 3673 1768 3742 apostoloram

140 3769 193 3822 erit
205 3768 336 3838 justorum
352 3781 479 3823 numerus
491 3767 524 3821 ad
538 3766 675 3822 dexteram
689 3765 870 3823 collocandus.
984 3767 1048 3820 retia
1073 3764 1186 3819 Domino
1211 3765 1383 3835 precipiente
1411 3770 1558 3820 tuterunt.
1599 3764 1769 3820 intendamus

177 3860 255 3916 Vere.
270 3861 331 3917 lid.
353 3860 445 3915 Enati
457 3863 524 3915 sicut
541 3861 594 3915 ouis
610 3876 668 3931 quoe
682 3862 812 3929 perierat:
832 3859 933 3930 repaire
983 3856 1073 3920 etiam.
1086 3856 1156 3927 quod
1169 3856 1235 3912 ordo
1251 3857 1309 3926 ipse
1320 3855 1483 3925 psalmorum
1503 3869 1555 3912 uon
1568 3856 1684 3911 minima
1700 3854 1769 3911 noliis

138 3969 236 4008 musra
251 3953 410 4024 enarmonio
429 3953 676 4006 mnndutottronon
691 3951 864 4006 somoilitus.
886 3949 932 4005 bi·
981 3949 1064 4029 loturi
1093 3949 1188 4004 saeculi
1221 3956 1389 4004 sacramenta
1422 3948 1549 4004 declarat.
1590 3949 1771 4005 consulebat

138 4056 182 4100 cet
195 4043 318 4109 diuersas
333 4057 460 4112 personas
475 4043 592 4110 psalmus
608 4043 660 4098 iste
670 4041 807 4096 contineat
820 4041 932 4111 loquea—
982 4044 1055 4097 enim
1066 4050 1095 4096 ut
1108 4041 1254 4097 Ecclesiam
1271 4040 1305 4095 de
1320 4046 1376 4095 toto
1388 4041 1454 4095 orbe
1467 4040 1619 4105 collectim,
1634 4049 1664 4096 et
1684 4041 1712 4095 in
1724 4039 1770 4094 lio·

138 4142 194 4198 tos,
219 4133 299 4188 ruodo
325 4132 494 4188 fidelissimos
517 4132 621 4188 Veteris
647 4131 823 4198 Testamenti,
850 4130 931 4186 modo
982 4135 1046 4189 mini
1062 4132 1185 4188 laudibus
1196 4132 1542 4203 commoratamg'raduum
1556 4131 1664 4189 cantica
1681 4147 1771 4203 seque·

140 4240 219 4280 trove
234 4223 444 4295 regenerationis
469 4224 579 4291 clectos,
605 4222 672 4276 alitis
694 4221 820 4291 martyria
847 4221 932 4275 susti·
982 4236 1093 4293 retitur;
1120 4235 1250 4297 urratenus
1270 4225 1314 4279 illa
1334 4224 1480 4279 similitudo
1507 4223 1685 4290 indicaretur,
1716 4241 1772 4294 oua

139 4326 245 4380 nentes,
270 4315 339 4371 alios
367 4315 393 4369 iu
419 4314 599 4384 tenebamini
624 4314 731 4368 assidua
756 4313 931 4369 meditatione
983 4326 1026 4373 est
1045 4318 1071 4371 in
1088 4316 1179 4371 sarculi
1198 4316 1252 4371 llne
1267 4314 1396 4369 iacienda.
1413 4312 1480 4368 Nam
1501 4324 1645 4386 postquem
1659 4315 1772 4371 menn

143 4408 488 4472 constantrs3declaraturn
504 4415 648 4462 esttamen
663 4407 689 4460 in
706 4406 834 4461 membris
853 4404 932 4461 Cirri-
984 4413 1123 4469 beatorum
1148 4426 1277 4466 nnmems
1295 4411 1407 4467 Domino
1429 4411 1508 4467 merit
1533 4421 1681 4480 praestante
1694 4413 1770 4467 colle

141 4502 175 4556 sti
191 4499 336 4555 Ecclesiam
350 4501 509 4555 catltolicam
531 4501 614 4570 loqui,
628 4499 736 4570 otiando
749 4499 811 4553 talis
822 4507 930 4554 senten·
945 4514 1053 4583 nctus,
1066 4507 1177 4559 necesse
1190 4511 1231 4558 est
1245 4512 1274 4558 ut
1291 4503 1324 4558 atl
1349 4503 1422 4558 illam
1450 4503 1601 4560 ierusalem
1632 4517 1772 4576 strpernarn

141 4593 178 4648 tia
199 4592 226 4648 in
236 4592 296 4649 ‚stne
310 4591 405 4662 psalmi
420 4592 525 4659 dicitur,
542 4607 601 4663 ques
615 4606 722 4663 sponse
743 4591 848 4647 bomini
863 4607 929 4647 cou-
983 4595 1076 4649 beatus
1086 4597 1199 4664 populus
1213 4594 1335 4650 elevatus
1347 4595 1486 4651 ascendat.
1504 4596 1536 4651 Et
1550 4596 1610 4652 ideo
1620 4599 1774 4653 meminisse

138 4682 230 4739 tenire
241 4690 415 4738 monstratur.
429 4682 475 4738 tit
489 4683 561 4738 enlm
580 4683 660 4738 lrom'o
675 4683 720 4738 ille
733 4684 868 4752 generalis
882 4683 926 4753 qui
984 4686 1113 4741 debemus
1123 4700 1217 4741 eorum
1232 4685 1451 4755 alphabetodum,
1464 4688 1509 4758 ool
1519 4688 1668 4760 completis
1681 4689 1774 4746 litteris

138 4773 165 4827 in
178 4773 260 4828 Adam
272 4784 410 4829 erraverat
423 4773 482 4843 lege
495 4774 610 4845 peceati,
624 4773 699 4830 etad
713 4773 804 4829 caulas
815 4773 924 4829 bomini
983 4777 1154 4843 adsentantur,
1172 4779 1280 4832 tertium
1296 4788 1360 4833 esse
1374 4777 1445 4833 bunc
1457 4777 1599 4847 psalmon.
1621 4778 1704 4837 idest
1715 4796 1773 4837 neu

138 4865 194 4919 suis
208 4865 308 4919 riribus
323 4865 411 4921 redire
432 4881 485 4922 non
502 4873 617 4934 poterat,
641 4865 766 4935 quoniam
784 4880 883 4921 munus
898 4867 930 4920 il·
985 4871 1110 4925 tesimeni
1125 4870 1268 4934 decimum,
1284 4869 1461 4926 centesimum
1472 4866 1660 4937 undecimum,
1671 4882 1774 4942 etpra-

139 4956 184 5010 lud
196 4955 336 5024 sapientise
345 4955 498 5024 perdiderat
508 4955 580 5025 quod
595 4955 719 5022 babebat,
736 4954 840 5021 Errooi,
855 4956 930 5027 quasi
983 4971 1100 5028 sentem,
1116 4963 1162 5031 oni
1178 4963 1249 5016 trino
1262 4963 1366 5017 bonore
1380 4962 1488 5033 siprrati,
1503 4961 1704 5034 perisotaelldei
1717 4964 1776 5020 Tri·

137 5061 153 5101 a
169 5048 210 5102 nia
224 5054 269 5100 tua
284 5045 407 5112 discessi,
418 5055 446 5103 et
461 5048 585 5101 ritiomm
601 5046 689 5101 invias
703 5047 865 5102 solitudines
879 5061 931 5103 ea-
984 5055 1096 5110 nitatcrn
1108 5053 1185 5107 nobis
1200 5052 1320 5108 indicare
1335 5061 1491 5108 noscuntur.
1508 5052 1542 5106 lit
1554 5055 1657 5110 merito
1678 5054 1713 5109 ad
1736 5053 1775 5108 lo·

137 5135 449 5201 0¹¹81n1¹·²ii;ulfiii¹0
470 5136 613 5206 direptioni
628 5145 727 5206 pateat,
745 5137 789 5205 ptri
812 5137 931 5192 Ρθῦῑθῐῑδ
983 5154 1070 5200 turam
1093 5142 1240 5200 ierusalem
1255 5143 1374 5199 calculus
1389 5144 1440 5198 istc
1458 5143 1614 5211 deputatur,
1632 5143 1679 5215 qui
1695 5145 1776 5200 totins

137 5225 178 5280 sui
190 5225 337 5281 custodiam
350 5241 404 5280 non
420 5225 543 5281 babebat.
558 5227 589 5280 Et
602 5228 738 5295 aurnjunxit
754 5228 827 5282 illam
847 5243 929 5284 eran·
987 5234 1149 5307 integritatis
1160 5237 1256 5289 robore
1266 5235 1456 5289 communitur.
1471 5227 1592 5300 Quatuor
1602 5243 1669 5288 nero
1684 5235 1776 5305 alpina,
1795 5245 1801 5252 ·

137 5317 248 5388 binim
277 5315 504 5385 ⁰0ffll¹³i³²i⁰²¹0¹¹¹
530 5314 640 5388 (Maii-
669 5330 748 5383 Ulli,
780 5316 838 5386 Η),
862 5318 928 5371 δι’ΰιιῐ
986 5327 1107 5391 betodes,
1132 5327 1158 5381 id
1178 5335 1229 5392 cst,
1245 5326 1386 5382 vicesimus
1407 5334 1526 5395 quartus,
1547 5325 1703 5382 tricesimus
1726 5334 1780 5383 ter·

138 5414 192 5465 ouis
212 5427 269 5484 pute
280 5412 400 5481 nebrot,
426 5420 626 5483 propterquam
648 5423 739 5483 pastor
762 5415 820 5480 elus
845 5430 930 5470 ⁰⁰⁰²-
981 5422 1045 5485 tius,
1063 5419 1213 5474 tricmimus
1224 5430 1327 5481 mutus,
1339 5424 1367 5473 et
1380 5417 1781 5490 centesimosquatlrapcsirnos

137 5503 208 5568 girata
224 5518 318 5559 norem
331 5503 433 5560 dimisit
448 5503 473 5559 in
499 5504 643 5570 moriribus,
669 5513 696 5559 et
718 5520 776 5560 carn
802 5519 928 5575 quereus
981 5519 1103 5580 quartus.
1120 5510 1165 5580 qrri
1186 5508 1293 5564 lormati
1308 5517 1371 5563 suut
1392 5508 1489 5565 litteris
1510 5509 1662 5565 imminutis
1681 5526 1780 5566 sectan-

137 5589 254 5650 ludaicis
269 5606 311 5650 est
325 5597 458 5668 appetitus
476 5596 603 5653 insidiis:
624 5613 702 5668 qrtam
717 5607 805 5653 tantem
822 5595 868 5652 ille
881 5611 929 5665 per
982 5598 1045 5652 dum
1061 5608 1175 5665 quatuor
1189 5598 1315 5653 eordines
1331 5596 1434 5666 mundi,
1449 5610 1502 5650 non
1519 5596 1672 5668 incongrue
1687 5600 1783 5655 Eccle-

138 5695 245 5740 crucem
271 5699 348 5744 suam
374 5688 553 5755 multiplicans
574 5702 626 5745 non
655 5689 755 5744 omittit
783 5703 927 5752 quaerere.
980 5688 1051 5742 siam
1065 5686 1235 5759 eatlrolieam,
1253 5697 1311 5754 qnae
1324 5687 1411 5742 aditae
1434 5687 1460 5742 in
1473 5686 1528 5744 isto
1548 5687 1652 5744 inundo
1666 5691 1787 5758 geritur,
