3794 6128
134 235 195 297 M
579 239 762 300 Expostulo
781 242 814 300 ln·
829 245 1058 308 messentius.
1077 250 1175 312 PSAL.
1196 254 1317 314 mlx.
1727 254 1780 314 280

134 354 353 424 conistit3sient
364 365 392 413 et
404 371 419 412 a
433 356 593 428 quibusdam
607 359 744 418 vermibus
758 363 873 418 sericum
887 363 929 418 di·
942 367 968 430 A
983 367 1030 423 liic
1039 371 1132 426 anime
1143 387 1223 426 meta:
1237 370 1315 429 Solos
1330 381 1374 426 tuo
1387 387 1433 444 ego
1443 387 1501 426 sem
1516 371 1604 443 (etot.
1622 388 1698 435 sutri,
1713 373 1743 444 ὅ)
1758 387 1768 438 ;

133 447 208 505 sltur
229 448 343 506 esdlari.
369 449 437 506 llnie
463 464 529 521 ergo
549 452 646 522 exiguo
669 453 830 523 corpusculo
855 463 930 511 recte
982 462 1040 519 sire
1064 461 1150 519 illud:
1171 462 1274 528 Venite,
1295 463 1420 519 benedicti
1446 463 1534 520 Patria
1555 468 1621 531 aaa,
1650 466 1774 536 percipite

134 539 262 596 enormi
285 547 314 596 ει
335 538 428 596 slllicti
450 543 540 598 anima
568 553 750 612 comparetur,
774 545 819 615 qui
844 544 931 617 longis
981 569 1087 624 rraqnam
1115 555 1184 624 quod
1208 555 1277 609 solis
1299 563 1419 626 mentam
1439 564 1477 610 est
1497 556 1530 611 nb
1551 557 1651 627 origine
1680 556 1772 611 meoet

134 632 373 689 observationibus
396 633 550 705 sigillisque
570 634 705 706 fatigatos,
728 643 833 692 terrena
852 636 932 694 dese·
981 641 1089 715 (llatti.
1099 659 1165 712 aar,
1176 643 1233 715 ii).
1245 645 1375 712 Quocirca
1389 648 1523 714 convenit,
1538 647 1664 716 quidquid
1672 647 1770 703 iorttm
1866 664 1871 677 ·

135 739 210 792 rens,
227 724 417 780 subtilissimas
426 724 599 795 operationes
608 725 736 783 rirtutnm
747 726 839 783 divino
852 729 932 785 timo·
981 733 1084 790 sentire
1104 734 1230 789 volueris.
1262 733 1353 789 lncolo
1376 750 1440 792 sero
1465 735 1576 803 dieitur,
1598 737 1644 808 qni
1673 747 1773 793 terram

135 834 166 875 re
188 818 353 877 tabellcmus
365 818 458 875 cilicis.
479 817 542 875 Post
565 818 623 876 lime
641 820 788 877 revertitur
809 820 842 877 ad
863 820 929 878 illud
981 822 1100 892 colit,ad
1113 824 1422 894 tempussuperseniens
1436 834 1593 891 extraneus,
1612 840 1665 880 non
1679 827 1723 897 qui
1743 825 1772 882 in

133 924 191 966 suae
214 908 410 981 propositionis
436 908 542 966 initium
566 927 575 965 ·.
600 909 663 983 qula
674 910 738 967 licet
765 911 928 982 increpetur,
981 914 1074 980 patrie
1086 928 1141 968 stin
1155 914 1262 984 regione
1277 915 1416 981 consistit;
1431 915 1502 985 quod
1514 915 1587 972 omni
1601 927 1694 971 sancto
1708 929 1773 973 ese·

134 1002 199 1057 licet
214 1001 342 1069 tabedat,
359 1008 448 1058 mmcn
463 1001 606 1072 fragilitate
620 1001 793 1058 hominitatis
811 1001 931 1058 diserta·
982 1003 1035 1070 uit,
1048 1002 1093 1072 qui
1109 1002 1135 1057 in
1150 1002 1239 1058 divina
1252 1003 1362 1060 civitate
1376 1004 1513 1074 recipitur.
1525 1002 1626 1061 Omnes
1635 1006 1706 1062 enim
1719 1020 1769 1063 nos

135 1109 196 1149 rnsn
217 1107 310 1150 rerum
332 1093 461 1149 varietate
474 1092 659 1149 contunditur.
683 1092 736 1151 Sed
750 1094 784 1149 ab
804 1093 855 1149 hac
869 1108 929 1164 per·

135 1184 290 1240 turbatione
311 1182 357 1239 ille
378 1183 453 1240 solus
470 1183 612 1254 excipitur,
627 1184 673 1252 qui
687 1183 720 1240 ad
735 1184 852 1240 divinam
866 1196 931 1239 eon·

133 1274 336 1343 tmptattoocm
352 1287 418 1344 pura
433 1283 523 1329 mente
542 1272 710 1329 transfertur.
737 1272 860 1329 Porlscta
876 1283 928 1339 cst,

134 1365 286 1432 stastimo,
296 1364 425 1421 rltetorici
434 1365 583 1436 syllogismi
591 1365 636 1436 qni
646 1365 809 1436 epichirema
819 1365 930 1435 dicitur,

131 1458 351 1529 quinquepartita
368 1455 508 1526 probatio,
532 1472 612 1528 quam
628 1472 701 1514 nunc
719 1458 848 1514 membris
861 1458 928 1525 suls,

982 1101 1121 1164 peccatum
1135 1095 1198 1150 lecit
1211 1105 1370 1165 extranens,
1386 1103 1414 1151 et
1427 1095 1453 1152 in
1468 1095 1569 1152 oelaria
1585 1097 1670 1152 tenuit
1683 1097 1772 1169 regio·

981 1199 1016 1241 ne
1040 1186 1172 1255 captiuos.
1206 1184 1259 1243 Sed
1294 1186 1402 1258 qnando
1427 1201 1477 1244 noa
1510 1187 1773 1259 misericordiosius

980 1275 1102 1346 suscipit,
1121 1275 1216 1332 incola*
1230 1291 1323 1332 sumus
1338 1290 1345 1335 ι
1361 1278 1486 1348 quoniam
1509 1277 1573 1334 illuc
1593 1277 1770 1347 advenimus,

980 1363 1007 1418 id
1022 1373 1079 1430 est,
1093 1364 1127 1420 dc
1141 1365 1287 1437 babylonia
1308 1365 1342 1422 ad
1368 1365 1517 1423 Jerusalem
1540 1367 1598 1437 ipso
1619 1369 1773 1424 attrahente

981 1461 1190 1524 transponimur.
1204 1457 1267 1513 ldeo
1281 1457 1353 1514 enim
1367 1457 1471 1530 posuit,
1486 1459 1557 1529 apid
1578 1469 1612 1526 te,
1630 1467 1660 1514 ut
1672 1475 1725 1516 non
1741 1459 1768 1515 in

133 1557 160 1605 st
171 1563 327 1619 memus,
340 1547 515 1618 versibusque
530 1545 685 1605 reddamus.
707 1548 858 1620 Propositio
872 1549 930 1605 eius
980 1542 1095 1610 diaboli,
1111 1547 1158 1602 sed
1179 1547 1210 1604 itt
1222 1548 1329 1603 Domini
1348 1550 1458 1606 civitate
1482 1549 1596 1605 incolam
1611 1565 1671 1606 eum
1687 1549 1771 1606 luisse

129 1649 193 1696 cst:
208 1639 369 1708 Quanquam
379 1639 406 1694 io
418 1639 533 1709 imagine
541 1638 588 1693 liei
603 1638 722 1695 ambulet
733 1639 823 1705 ltomo,
840 1648 928 1695 tamen
980 1635 1103 1692 sentires.
1119 1637 1276 1707 Subiunxit,
1299 1648 1323 1692 et
1338 1640 1487 1710 peregrinos
1500 1640 1566 1695 sicut
1584 1655 1670 1695 omncs
1683 1648 1769 1711 potres

130 1747 196 1789 sane
210 1731 429 1788 conturbentur.
442 1731 568 1786 Probatio
581 1731 921 1800 propositionisfflcsan·
941 1726 1039 1788 littei·
1068 1726 1207 1796 Expressit
1231 1727 1302 1797 qnod
1328 1727 1453 1797 superius
1472 1727 1555 1786 ditis:
1581 1729 1669 1784 omnis
1693 1728 1768 1784 enirn

131 1824 195 1880 rlaat
207 1832 235 1879 et
249 1823 356 1893 ignorat
370 1822 414 1878 coi
428 1830 573 1893 congregat
583 1821 764 1892 cnseqoitor
774 1822 924 1892 assumptio
979 1816 1060 1874 bomo
1075 1819 1118 1888 qni
1135 1820 1263 1889 recipitur
1274 1819 1300 1873 in
1316 1818 1480 1874 beatitudine
1491 1820 1639 1891 peregrinus
1649 1819 1768 1887 dieitur,

131 1924 246 1985 quatuor
265 1912 388 1973 versibus
403 1911 553 1981 procedens
568 1930 574 1966 :
596 1913 629 1966 Et
643 1927 714 1969 nunc
733 1928 792 1984 qnae
814 1923 856 1970 est
876 1928 926 1970 es·
978 1909 1039 1980 quia
1053 1909 1145 1978 incipit
1164 1923 1225 1964 esse
1238 1908 1281 1964 ubi
1298 1919 1433 1965 nouerat.
1448 1908 1604 1980 Pereqrinns
1618 1909 1688 1967 enirn
1702 1912 1769 1967 dici·

131 2005 263 2074 spectatio
274 2002 643 2060 mealnooncliominuslet
654 2013 762 2060 metesa.
777 2003 831 2059 lieo
843 2003 928 2060 edest-
978 2009 1032 2068 tur,
1047 2001 1122 2072 qnasi
1144 2015 1257 2071 pergens
1282 2001 1395 2071 longius.
1420 2001 1453 2056 Et
1474 2010 1503 2056 nt
1521 2002 1675 2072 generalem
1700 2003 1770 2061 lianc

131 2098 173 2152 dat
196 2096 271 2167 qnod
299 2105 352 2151 tam
382 2095 462 2165 leriga
484 2095 590 2151 uidetur
618 2097 778 2165 assumptio.
806 2096 926 2153 Diximus
976 2103 1153 2160 immiteret
1179 2090 1261 2146 sitisse
1284 2092 1461 2159 sententiam,
1485 2091 1568 2161 dicit,
1595 2093 1660 2147 sicut
1684 2110 1771 2151 omnes

132 2190 199 2244 enim
226 2186 374 2244 brevitates
399 2187 581 2244 membrorum
610 2187 723 2245 istorum
751 2204 766 2244 a
788 2191 925 2260 magistris
976 2191 1061 2252 edim
1087 2179 1421 2251 11111,1111111111111111
1446 2180 1601 2238 ⁰⁰¹¹d5¹i⁰⁰⁰
1627 2191 1769 2253 1111111111

130 2279 305 2336 sacularibus
330 2290 425 2350 postca
452 2278 534 2335 luisse
559 2281 729 2335 constrictas.
757 2279 807 2335 llic
833 2287 923 2337 autem
975 2282 1115 2342 exceptus.

132 2370 277 2441 querenda
299 2379 363 2426 suot
383 2369 497 2440 partium
512 2369 630 2439 ipsarum
650 2383 704 2426 non
729 2378 782 2425 tam
797 2385 923 2441 expressa
1011 2362 1089 2419 Vett-
1112 2360 1156 2417 ld.
1179 2361 1289 2417 Remitte
1305 2360 1369 2416 ntibi
1380 2401 1389 2427 ,
1413 2370 1441 2417 nt
1457 2365 1595 2436 refrigerer
1617 2365 1770 2436 prinsquam

129 2475 205 2532 qsaos
220 2444 362 2532 designata
383 2459 507 2530 uestigia.
523 2459 654 2529 adiuncta
676 2466 718 2515 εει
730 2461 924 2530 assumptionis
974 2471 1051 2524 enm,
1071 2456 1220 2524 etamplius
1237 2470 1290 2509 non
1309 2470 1364 2509 ero.
1387 2453 1434 2510 llir
1458 2456 1585 2527 pmsidus
1598 2463 1627 2513 et
1648 2457 1770 2514 veritatis

130 2552 260 2621 potorio.
275 2553 302 2607 ln
317 2551 544 2623 increpationibus
560 2559 669 2621 propter
680 2549 924 2623 iniquitatemcor·
974 2547 1060 2617 ipsius
1083 2546 1279 2603 illuminatione
1310 2546 1474 2617 completus,
1510 2547 1553 2603 hic
1577 2548 1629 2604 tibi
1660 2549 1769 2620 betelini

129 2644 229 2710 tipnisti
244 2644 393 2710 bominem,
412 2653 438 2700 et
453 2644 592 2700 tabescere
609 2643 697 2700 iecisti
712 2645 783 2702 sicut
796 2658 921 2701 araneam
973 2639 1084 2708 dimitti,
1112 2648 1141 2694 ut
1161 2647 1251 2694 certus
1272 2639 1305 2693 ad
1319 2638 1528 2709 ¹luturnjudicia
1553 2642 1718 2710 perreniret,
1741 2651 1769 2702 el
1823 2642 1827 2646 ’

130 2735 242 2790 animam
268 2734 338 2806 ejus.
354 2734 499 2802 Prosenit,
512 2733 564 2790 nisi
583 2733 671 2801 lallor,
687 2743 844 2804 exspectata
857 2749 922 2790 con-
973 2730 1116 2802 qnsmdam
1139 2732 1336 2786 recreationem
1357 2741 1478 2788 sumeret
1497 2731 1524 2787 in
1548 2735 1625 2805 135
1641 2735 1767 2805 praesenti

130 2827 210 2883 tlnsio
224 2825 401 2898 propositioni
416 2840 473 2882 sue
493 2836 555 2896 apte
573 2824 739 2896 respondens
757 2843 764 2880 ι
782 2825 922 2882 l'erumta-
973 2821 1045 2886 rita,
1070 2819 1141 2876 illius
1167 2822 1241 2891 regni
1259 2821 1403 2876 securitate
1423 2832 1558 2893 suscepta.
1573 2823 1712 2880 Professus
1724 2837 1768 2882 est

130 2932 186 2974 nen
219 2933 291 2973 sane
314 2917 490 2973 conturbatur
519 2916 608 2973 omnis
635 2917 716 2972 bomo
739 2918 845 2973 sinens.
875 2918 921 2975 Sic
972 2911 1044 2966 ettim
1059 2919 1235 2967 estuantese
1252 2924 1317 2966 titre
1330 2912 1474 2977 succendi,
1500 2912 1544 2982 qui
1562 2927 1592 2969 se
1614 2913 1768 2981 postulabat

130 3007 336 3080 quinquepartiti
370 3007 535 3079 syllogismi,
576 3005 645 3063 sicut
672 3006 786 3078 opinor,
812 3015 919 3079 peracta
973 3003 1059 3059 imbre
1079 3000 1273 3058 misericordie
1289 3002 1448 3072 temperarl;
1464 3002 1535 3058 sicot
1557 3016 1637 3074 snpra
1660 3003 1767 3075 ipseds

130 3099 252 3169 probatio
264 3108 316 3156 est.
420 3121 426 3133 ·
931 3098 956 3164 C
974 3113 1005 3156 se
1020 3098 1087 3155 dicit
1102 3115 1109 3152 ε
1124 3095 1260 3153 concaluit
1273 3112 1317 3150 cor
1333 3111 1419 3151 mcum
1437 3097 1506 3152 intro
1520 3112 1576 3167 rne,·
1595 3107 1620 3152 et
1640 3097 1667 3152 itt
1682 3099 1766 3152 medi·

160 3182 239 3248 bers.
256 3193 300 3247 ll.
310 3190 423 3257 Exaudi,
435 3189 513 3256 Desa,
522 3191 752 3247 orationemmenm
761 3191 920 3274 eqdeprcco·
970 3193 1065 3247 tatione
1078 3205 1135 3245 men
1150 3187 1295 3244 esordesci
1306 3187 1385 3258 igitir.
1400 3187 1498 3244 llerito
1511 3202 1576 3260 ergo
1591 3187 1635 3244 liic
1649 3188 1760 3258 re‘rtqe·

128 3290 220 3342 ionem
230 3300 332 3340 mecm:
345 3283 449 3339 curiles
462 3285 564 3356 percipe
572 3284 699 3355 locrgmss
710 3300 788 3340 mens.
801 3283 918 3340 lditlttttrt
969 3286 1022 3341 rori
1034 3283 1085 3339 sibi
1097 3281 1219 3353 petebat,
1239 3281 1284 3352 qui
1300 3280 1366 3336 tanti
1381 3280 1510 3337 desiderii
1522 3281 1614 3339 calore
1628 3281 1761 3353 napaea-

127 3381 175 3436 istc
189 3385 292 3446 qnartto
316 3377 393 3448 plura
408 3376 534 3448 mysteria
555 3375 701 3443 didicerat,
717 3384 791 3432 tanto
812 3390 842 3434 sc
856 3386 918 3434 ante
969 3385 1021 3432 rat.
1037 3374 1163 3442 Addidit,
1191 3375 1339 3446 prinsquam
1365 3388 1438 3437 eam.
1461 3372 1488 3428 id
1512 3382 1554 3430 ost
1573 3383 1714 3446 antequam
1729 3373 1765 3432 do

126 3469 267 3525 morinum
289 3467 368 3522 enisa
387 3465 583 3538 supplicatione
606 3465 745 3523 lnndebat.
760 3467 838 3523 Venit
854 3483 918 3538 crgo
968 3470 1019 3526 ists
1042 3467 1102 3524 luce
1124 3463 1323 3522 discederetis
1347 3465 1460 3537 conplicis
1480 3467 1708 3538 noscendique
1733 3468 1763 3524 in

125 3560 156 3617 sd
169 3559 297 3616 ordinem
322 3557 448 3629 tertium,
473 3557 518 3615 ubl
543 3557 680 3614 humiliter
702 3566 730 3614 et
752 3557 918 3615 confidenter
969 3561 1147 3626 boemundo,
1163 3560 1209 3616 ubi
1225 3566 1397 3630 peccatorum
1412 3561 1578 3617 iecinoribus
1593 3560 1762 3630 subvenitur,

124 3660 219 3709 eierat
240 3649 344 3706 remitti
358 3649 412 3705 sibi
427 3657 553 3720 peccata,
567 3649 720 3720 priusquam
735 3650 817 3705 uitam
832 3649 915 3706 ierint.
968 3651 1076 3708 dumne
1096 3664 1110 3704 a
1132 3650 1250 3706 Domino
1270 3650 1456 3706 conversionis
1474 3659 1585 3720 accepta
1608 3651 1763 3708 bumilitate

124 3743 297 3814 Quapropter
309 3745 492 3798 necessarlum
508 3750 551 3798 εει
563 3741 753 3811 considerare,
771 3752 799 3798 ut
813 3742 858 3800 ille
871 3743 917 3812 qui
967 3741 1146 3797 comeaerint.
1158 3740 1223 3797 Sive
1236 3738 1317 3806 dicit,
1334 3741 1444 3812 ampliss
1458 3756 1510 3796 oon
1530 3757 1591 3808 ero,
1613 3741 1637 3796 si
1654 3738 1763 3798 desinas

123 3836 211 3892 dietus
228 3843 273 3892 est
295 3834 388 3890 mnndi
413 3835 476 3890 sitia
496 3834 665 3901 transiliisse,
686 3850 736 3892 eur
754 3836 841 3893 adline
862 3846 915 3892 tam
967 3831 1131 3897 subveniret
1146 3831 1209 3900 quia
1222 3845 1276 3886 non
1287 3840 1330 3887 est
1342 3846 1418 3897 esse,
1434 3831 1461 3886 in
1478 3833 1587 3888 eternis
1605 3832 1762 3889 aliictionl·

123 3930 243 3997 variter
257 3926 381 3983 rideatur
396 3927 549 3999 ingemere?
558 3927 667 3985 Scilicet
681 3928 743 3998 quia
760 3928 825 3983 nulli
838 3927 915 3985 sulli-
966 3923 1017 3979 bus
1032 3938 1203 3992 permanere.
1226 3922 1290 3980 Esse
1303 3919 1374 3978 enim
1388 3924 1497 3996 proprie
1509 3924 1580 3979 beati
1592 3933 1644 3981 est.
1668 3925 1763 3981 llerito

122 4018 159 4074 nit
175 4019 212 4075 de
232 4016 307 4075 uitiis
324 4018 453 4089 acquisita
469 4018 589 4086 uictoria,
605 4017 656 4073 nisi
680 4018 736 4089 jugi
761 4016 841 4075 luerit
853 4033 917 4089 sup·
967 4030 1034 4087 ergo
1057 4030 1112 4072 non
1131 4030 1161 4072 se
1174 4014 1282 4073 dicebat
1305 4031 1370 4084 esse,
1394 4015 1417 4071 si
1437 4029 1468 4072 se
1481 4014 1582 4073 babere
1595 4029 1656 4073 cum
1669 4015 1763 4072 electis

123 4112 270 4182 plicatione
292 4120 411 4167 sertsta.
438 4109 516 4168 Prius
541 4113 630 4183 itaque
659 4114 801 4168 orationem
828 4113 915 4181 disit,
967 4125 1020 4166 non
1040 4107 1374 4180 intelligeretportionetn.

124 4212 186 4272 post
199 4204 415 4274 depremtimm.
427 4203 516 4258 brutio
531 4214 572 4259 est
585 4205 640 4259 oris
654 4202 733 4271 ratio,
745 4218 824 4275 msam
837 4209 915 4275 proni

121 4292 272 4363 allegamus
291 4303 354 4348 vota
378 4301 470 4348 nostra
497 4292 657 4364 pandentes.
678 4292 829 4367 Deprecatio
849 4310 915 4352 sero

121 4392 164 4437 est
179 4381 307 4453 treqocos
332 4391 359 4438 et
382 4383 489 4439 assidua
516 4384 690 4454 supplicatio,
716 4400 777 4455 quse
799 4385 834 4441 ab
860 4386 914 4442 imo

122 4472 240 4544 pectoris
255 4473 391 4544 protertur
403 4487 512 4530 arcano.
528 4474 596 4530 iudi
613 4476 684 4531 enim
698 4475 768 4545 qnod
781 4478 912 4548 sequitur,
928 4463 952 4523 ὓ

122 4562 229 4616 scribas
250 4563 352 4634 percipe
362 4565 488 4635 locrgntns
509 4579 589 4620 matrs.
615 4566 779 4637 Frequenter
798 4569 916 4625 diximus

124 4650 219 4718 ileum
235 4651 307 4721 quod
321 4651 404 4718 sidet,
419 4653 526 4719 audire;
543 4654 613 4724 quod
629 4656 713 4722 audit,
727 4658 818 4715 sidere
833 4660 913 4730 :qnia

125 4756 176 4797 nnn
198 4742 387 4812 corporalibus
409 4743 538 4799 membris
559 4745 741 4815 distinguitur,
762 4748 810 4805 sed
824 4751 914 4806 omnia

127 4925 295 4991 plicationem
314 4934 417 4982 tantum
438 4927 585 4985 adhibitam
605 4930 689 4988 luisse
704 4934 861 5003 verborum,
879 4937 919 4992 ln-

125 5032 222 5087 rrgnsss
245 5033 316 5074 meos
330 5019 416 5086 dixit,
443 5035 504 5091 quae
528 5024 653 5080 violentas
673 5034 735 5082 sunt
759 5043 866 5101 serrtper
891 5033 917 5088 in

127 5110 260 5176 precibus,
287 5111 370 5167 etad
394 5112 564 5170 clementiam
587 5115 775 5176 medicinalem
797 5122 916 5179 animum

128 5200 275 5257 nisenntis
288 5201 435 5262 adducunt.

160 5291 234 5348 tera.
256 5291 300 5350 ts.
316 5293 358 5348 tle
367 5295 476 5350 silenis
495 5313 546 5365 me,
566 5299 687 5370 quonism
700 5317 747 5375 ego
758 5303 843 5359 incolo
855 5320 912 5362 snm

127 5384 190 5446 opu
212 5394 237 5440 te
258 5385 287 5439 is
307 5394 385 5453 terre,
407 5397 432 5442 et
454 5391 613 5461 peregrines,
633 5391 699 5446 sicto
718 5410 806 5450 omnes
827 5406 912 5465 potres

128 5473 180 5528 tsei.
202 5473 244 5530 lie
260 5476 349 5542 elesa,
364 5475 448 5549 disit;
469 5479 581 5547 idest,
604 5481 711 5538 audiam
727 5492 754 5539 tc
777 5484 912 5542 dicentem

128 5563 191 5628 send
203 5563 379 5637 &angelium
395 5577 508 5626 testatur
523 5589 529 5626 :
548 5572 663 5628 Remissa
677 5585 735 5630 stant
746 5577 795 5630 tili
808 5589 912 5646 peccota

128 5651 252 5728 (larmir,
264 5656 320 5731 ll).
329 5658 394 5717 Sine
404 5661 512 5734 illudqn
522 5664 546 5720 ol
559 5664 612 5722 alio
622 5665 683 5722 loco
693 5666 811 5738 psalmus
825 5669 888 5727 dicit
903 5688 910 5726 t

1234 4216 1370 4272 Conclusio
1383 4215 1487 4290 psalmi.

1002 4335 1070 4391 Ecce
1084 4333 1208 4389 uitiorum
1221 4331 1370 4389 transilitor
1382 4331 1506 4404 egregius
1518 4339 1618 4402 quanta
1632 4348 1681 4389 nos
1696 4333 1761 4390 ben·

966 4426 1076 4483 tissime
1101 4425 1279 4481 institutionis
1302 4423 1462 4480 salubritate
1487 4425 1668 4493 commonuit,
1692 4427 1761 4483 inter

968 4518 1139 4589 blasphemos
1153 4525 1181 4574 et
1195 4517 1301 4586 iniquos
1317 4515 1417 4573 babere
1438 4517 1536 4588 lingua
1550 4517 1762 4585 continentiam,

967 4610 1046 4665 noxia
1070 4609 1157 4665 uitare
1180 4608 1344 4674 certamina,
1366 4608 1439 4665 ritas
1460 4608 1616 4680 grauissima
1639 4610 1762 4665 modera-

967 4701 1041 4756 tione
1060 4699 1251 4769 comprimcrc.
1269 4699 1410 4754 Silentium
1430 4707 1472 4754 est
1490 4699 1589 4769 quippe
1604 4698 1761 4769 probabile,

124 4831 174 4886 'in
332 4832 339 4843 .
359 4832 366 4844 .
388 4833 394 4846 .
439 4834 445 4845 .
967 4791 1038 4862 quod
1054 4804 1103 4846 nos
1116 4789 1227 4845 minime
1241 4788 1361 4859 perducit
1375 4788 1408 4844 ad
1422 4789 1545 4860 culpam,
1566 4788 1636 4861 quod
1652 4791 1760 4860 sapion-

174 4840 219 4889 utc
231 4845 289 4887 sum
312 4832 461 4888 dtrtnttatts
475 4844 611 4905 operatur.
633 4836 667 4892 lit
683 4853 718 4893 ne
733 4849 843 4910 putares
856 4856 923 4911 snp-
971 4892 1012 4940 tes
1026 4883 1129 4953 prodit,
1144 4883 1215 4952 quod
1233 4882 1407 4954 gravissimos

1430 4882 1509 4949 lucit,
1530 4882 1600 4955 quod
1620 4884 1761 4941 con-ilium

969 4972 1070 5039 ntstrit,
1096 4973 1167 5044 quod
1192 4973 1278 5043 ipsum
1306 4989 1412 5043 quoque
1435 4974 1617 5045 gratissimum
1642 4975 1764 5031 ostendis

968 5078 1029 5121 esse
1041 5079 1205 5120 sermonem.
1220 5064 1389 5134 Quapropter
1403 5064 1558 5122 baurismus
1571 5066 1684 5123 remedii
1704 5066 1755 5122 bu-

964 5157 1010 5227 jus
1023 5157 1224 5214 saluberrimam
1239 5159 1373 5228 potionem
1386 5201 1394 5224 ,
1409 5159 1490 5231 utqui
1505 5171 1614 5216 sanctos
1628 5168 1680 5216 min
1694 5174 1760 5231 pro·

967 5252 1034 5307 leue
1048 5250 1162 5307 norisne
1176 5252 1377 5321 cognosciturus.
1395 5264 1565 5323 peccatorum
1587 5253 1756 5309 immodera-

964 5350 1017 5397 tmn
1030 5342 1128 5414 lingum
1143 5343 1275 5399 liecutinm
1289 5356 1343 5399 nnn
1357 5358 1478 5400 amemus

1088 5473 1268 5532 nivosum
1283 5475 1317 5532 ΙΝ
1331 5474 1496 5533 PSALllUll
1511 5474 1634 5533 xxiii.

1180 5584 1212 5641 lo
1226 5587 1303 5658 finem
1316 5587 1430 5660 psslrntts
1444 5586 1540 5644 Dauid.
1597 5598 1600 5603 '

996 5676 1076 5748 Stupc
1089 5677 1197 5748 quidem
1210 5679 1325 5741 diximus
1334 5692 1383 5753 pet
1394 5680 1473 5744 oneo
1483 5691 1510 5740 ct
1524 5680 1608 5738 boote
1617 5681 1763 5743 cirinum
