3794 6128
117 225 150 279 Π

600 225 780 285 expositio
801 225 833 282 tri
852 224 1080 283 astuterunt.
1103 222 1198 281 PSiL.
1222 222 1288 278 llll.
1721 226 1757 282 tt

118 361 191 411 uros.
203 345 310 419 mantio
320 344 480 402 medieasad
492 345 788 417 initrrrosingreditur;
801 345 870 417 qaod
885 345 912 399 in
927 345 951 406 Α
966 344 1064 400 talibus
1087 343 1191 415 majore
1212 343 1296 414 glorio
1312 344 1458 414 triomplrnt
1481 345 1607 400 Dominus
1622 344 1756 402 Christos.

119 437 354 494 adreoto'bomlni
370 452 467 494 reuera
482 448 588 494 constat
603 439 753 508 impletum.

154 525 234 583 b'era.
262 529 290 583 t.
324 526 441 583 Minuisti
470 525 542 601 [ed.‚
573 525 725 598 Minorasti]
754 544 811 582 rom
836 527 914 595 ponto

120 621 205 673 erutor
230 618 262 672 oi
289 619 411 688 orpeiir:
427 619 510 688 plotio
532 626 556 671 et
577 618 673 672 bonore
693 619 823 672 coronasti
845 634 912 673 ertu.

120 710 188 766 ilinc
202 709 257 780 jam
280 708 386 763 bitorini
404 707 553 765 §stratoris
583 707 717 764 bertrilitos
744 718 869 762 narratur
888 717 915 763 et

119 804 216 873 gloria.
230 800 431 856 renovatorem
445 800 517 855 enim
534 817 589 861 noa
603 800 762 856 necessitate
777 801 913 854 urinislra·

117 895 201 958 toria,
226 891 273 947 sed
296 893 401 960 pit-totis
429 907 486 949 sure
508 899 654 963 spontania
670 892 819 956 voluntate,
846 892 915 949 sicut

118 985 266 1052 Apostolus
288 985 324 1036 ait
343 981 535 1055 :Serretiprrrt
555 984 694 1038 emranieit
717 987 828 1054 fororum
851 987 915 1039 terni

119 1079 250 1148 arripere
267 1073 382 1146 (Plritip.
395 1091 426 1140 tt,
443 1074 481 1147 l).
505 1075 655 1147 Seurritur:
672 1075 757 1132 Porcio
779 1078 862 1132 rtinra
883 1077 930 1131 ob·

119 1170 240 1244 magelin
267 1171 452 1241 oniacrncent
469 1185 516 1240 pro
538 1173 656 1226 omniurn
679 1173 763 1226 solute
785 1171 912 1240 suscepit.

119 1262 162 1316 iix
184 1277 216 1317 ea
249 1261 382 1332 siquidem
404 1269 481 1331 parte
507 1260 618 1316 Creator
642 1262 797 1332 angelornm
828 1261 915 1316 rriunr

119 1353 260 1409 incineret
277 1353 391 1422 angelis.
415 1353 487 1408 Beue
501 1362 590 1406 aulem
607 1353 673 1407 tlisit
689 1371 696 1406 z
714 1352 799 1407 Panlo
818 1354 913 1419 titirus,

117 1445 181 1514 qnia
199 1444 250 1499 etsi
263 1445 377 1498 mortale
397 1457 494 1514 corpus
522 1445 681 1514 assumpsit,
698 1452 787 1500 tarreu
803 1453 912 1514 peccata

121 1552 175 1590 non
188 1534 290 1591 balruit.
303 1533 394 1589 Gloria
405 1550 468 1590 vero
487 1544 510 1589 et
528 1537 625 1589 lrnuore
641 1547 779 1590 cororotrs
794 1543 840 1602 est,
853 1550 913 1591 corr

122 1636 183 1696 post
201 1626 427 1682 resurrectionem
442 1628 522 1682 nimis
547 1626 709 1691 tuirabiiem,
726 1629 807 1682 totius
823 1629 914 1683 tuttndi

968 432 1066 491 Pecoro
1080 435 1240 502 erintsart,
1257 435 1319 491 datu
1347 437 1372 490 iu
1396 451 1552 505 camporum
1577 437 1709 504 libertate,
1730 438 1758 493 lt

967 534 1008 581 est
1026 527 1052 580 in
1068 526 1159 581 muudi
1175 526 1253 582 istius
1270 527 1405 597 voluptate
1428 538 1573 596 pascuntur
1584 546 1591 594 ;
1604 543 1660 583 orer
1684 537 1758 594 satu,

966 630 1026 671 euru
1038 614 1093 686 jaus
1109 616 1177 673 iutra
1189 628 1263 683 scptu
1282 618 1386 672 Doluinl
1397 619 1567 674 clatuluutttt.

1004 707 1079 762 llers.
1095 706 1138 762 ttl.
1157 706 1277 761 Vrircrcr
1290 708 1346 762 coli
1361 718 1384 763 et
1404 709 1484 778 pisces
1498 711 1588 774 merit,
1602 710 1647 782 pai
1659 726 1760 779 pernarr-

967 798 1055 853 brtlart
1067 804 1169 855 sortitos
1185 802 1273 855 erroris.
1295 799 1418 855 Volneret
1432 803 1488 856 coli
1505 804 1612 871 superbi
1626 811 1690 858 suut
1710 803 1760 860 bo·

967 896 1063 954 nrines.
1081 895 1125 963 oui
1142 893 1226 949 indari
1240 886 1321 948 verrio
1340 894 1487 970 jactantie,
1513 895 1586 963 rprrssi
1612 911 1661 965 per
1680 896 1761 954 inane

966 987 1037 1043 aeris
1057 987 1213 1052 edoceretur,
1237 997 1264 1042 et
1281 989 1390 1043 btuuilia
1412 989 1573 1058 despiciunt.
1597 1007 1657 1045 cunr
1680 989 1761 1047 altius

966 1081 1114 1136 elevantur.
1130 1080 1253 1135 volucres
1265 1082 1363 1136 enitna
1380 1083 1469 1136 rolotn
1487 1084 1583 1138 erebro
1594 1084 1672 1138 dlctte
1686 1094 1760 1139 sunt.

967 1169 1054 1227 Pisces
1069 1188 1134 1227 vero
1148 1174 1226 1226 moris
1251 1172 1426 1243 plriiosopltos
1451 1173 1566 1229 lortosse
1579 1175 1759 1244 'significare

965 1263 1101 1335 nribnjns
1125 1264 1214 1320 mundi
1230 1276 1352 1318 naturam
1377 1267 1490 1320 erratica
1516 1266 1673 1320 curiositate
1694 1281 1758 1337 per·

966 1364 1090 1411 tractant.
1110 1355 1176 1411 Noui
1202 1356 1269 1411 slcut
1296 1357 1333 1411 illi
1360 1358 1444 1427 posita
1471 1356 1559 1412 tronto
1584 1357 1681 1413 itinera
1704 1357 1756 1412 sibi

966 1457 1089 1503 reserant
1102 1448 1185 1518 pelagi
1201 1448 1374 1503 inundatione
1389 1449 1509 1512 concluso,
1524 1449 1559 1503 ito
1573 1460 1601 1505 et
1615 1449 1659 1504 isti
1671 1449 1760 1519 capite

966 1540 1086 1596 demisso
1098 1556 1181 1596 uenas
1197 1557 1286 1596 rerunt
1300 1542 1402 1597 ratione
1418 1542 1544 1607 linusano,
1559 1542 1668 1598 assiduo
1684 1542 1760 1599 labo-

965 1649 995 1689 re
1011 1635 1181 1705 perquirunt.
1196 1635 1247 1690 Sed
1265 1649 1324 1688 curn
1336 1639 1389 1689 sint
1402 1634 1488 1705 pisces
1502 1645 1527 1690 et
1540 1635 1690 1702 danninum,
1703 1646 1755 1689 untr

119 1721 307 1777 eredulitatem
320 1721 400 1788 Deus,
411 1722 437 1776 in
452 1721 569 1792 contrad
582 1723 714 1778 lrnrnnest
729 1722 825 1788 taetris,
840 1724 915 1778 exal·
931 1726 954 1787 Β
968 1736 1043 1780 racat
1065 1725 1135 1796 nrrrrd
1161 1726 1203 1780 ltic
1224 1726 1327 1794 posuit,
1355 1728 1446 1792 uraris,
1464 1739 1574 1796 propter
1588 1742 1635 1782 ens
1649 1728 1693 1797 qui
1709 1728 1759 1782 sini

121 1826 191 1870 tatas
210 1831 249 1870 ac«
259 1815 324 1885 epit.
339 1815 444 1870 Corum
459 1818 530 1872 enisu
545 1815 620 1871 orbis
643 1816 744 1870 circulo
758 1828 915 1886 cotupeten.

55 1900 69 1924 ⁸
122 1918 163 1964 ter
177 1919 298 1978 aptatur.
315 1910 441 1977 ttatrniam
457 1909 559 1979 adeius
573 1909 775 1964 similitudinem
791 1916 913 1968 arrrersa

118 2002 214 2056 mundi
224 2003 380 2057 estrcur‘ras
392 2001 504 2058 formata
516 2015 567 2059 cst.

157 2095 234 2151 bert.
248 2097 278 2152 8.
293 2094 325 2150 tn
339 2097 495 2151 eonstituisti
511 2114 569 2152 eum
591 2113 668 2166 super
691 2115 770 2167 opero
792 2117 914 2155 montore

120 2201 233 2244 tenram.
260 2188 353 2242 Ostorio
366 2190 498 2260 subjecisti
516 2190 685 2258 subpeditare
707 2195 771 2263 ejus.
786 2192 914 2261 Superius

119 2284 154 2338 de
167 2286 253 2353 gloria
267 2282 327 2353 ejus
336 2291 363 2339 et
377 2284 480 2339 honore
491 2293 626 2338 narraturo
639 2294 682 2340 est
696 2305 701 2336 :
720 2302 792 2341 trane
805 2287 913 2354 ponium

118 2387 143 2428 et
162 2383 292 2443 potestas,
310 2383 338 2428 at
351 2384 513 2446 agnoscatur
527 2373 626 2429 Christi
644 2374 747 2430 llom³ni
764 2376 913 2444 majrstatit

120 2465 317 2535 perit-ctissime
332 2465 480 2533 plenitudo.
500 2466 616 2521 Direutlo
629 2467 712 2535 enslin,
737 2467 823 2536 Super
836 2485 915 2541 opero

119 2573 243 2610 mrtrnart
257 2556 476 2621 terrarunrutnis
496 2557 533 2612 illi
552 2569 674 2614 creatura
698 2558 818 2628 subjecta
839 2574 914 2616 tuou-

118 2657 242 2710 stratur3
259 2646 320 2716 noia
336 2646 435 2701 sicnta
451 2646 556 2704 brutini
574 2663 657 2717 opere
678 2651 745 2704 nilril
769 2662 811 2706 cst
836 2666 915 2708 erce

120 2753 214 2807 ptum,
241 2739 348 2795 ianoe
374 2757 388 2794 a
412 2741 656 2810 potestateCluistl
671 2742 914 2813 aliquidproba'ur

117 2845 180 2886 esse
195 2830 324 2897 dui-um,
340 2833 438 2900 quippe
452 2833 497 2900 nni
529 2833 695 2898 judicaturus
710 2845 751 2890 est
773 2835 911 2891 muntium.

121 2921 240 2978 Dicendo
253 2924 324 2977 erim
345 2924 441 2988 omnio,
469 2939 520 2978 uec
536 2933 643 2979 terrena
658 2926 764 2981 uidetur
775 2928 913 2995 excepisse

119 3030 172 3070 nec
199 3030 310 3085 strpero;
333 3018 403 3070 sieut
420 3016 455 3073 de
483 3019 533 3071 lrnc
560 3017 617 3070 loco
638 3026 750 3073 testatur
769 3018 912 3086 Apostolus

965 1818 1093 1873 uiolentur
1106 1833 1166 1872 esse
1180 1818 1327 1887 sapientes.
1345 1819 1442 1874 lienuu
1458 1821 1500 1874 isti
1523 1821 1599 1886 tales,
1614 1835 1762 1891 rosumere

967 1908 1070 1964 similes
1086 1908 1189 1963 Domini
1204 1909 1315 1978 pedibus
1326 1908 1438 1965 icliciter
1451 1911 1639 1980 subiciuntur,
1653 1911 1760 1980 otranno

965 2000 999 2054 ad
1021 1999 1181 2057 Christiane
1211 2003 1332 2056 venerint
1369 2001 1507 2072 religionis
1533 2001 1668 2058 adiectum.
1693 2003 1759 2058 Noua

966 2092 1029 2147 iicet
1054 2092 1091 2146 illi
1113 2092 1201 2146 omnia
1229 2091 1289 2160 jure
1314 2091 1506 2147 dominationis
1532 2093 1657 2148 inclinata
1680 2095 1756 2156 sint.

966 2184 1026 2239 iilos
1041 2192 1131 2240 tamen
1156 2183 1270 2250 dicimus
1285 2186 1393 2255 proprie
1414 2184 1561 2253 subjectos,
1576 2185 1621 2252 orti
1645 2185 1678 2240 ad
1702 2186 1761 2256 eius

966 2292 1034 2333 orus
1048 2277 1106 2332 lere
1117 2288 1143 2331 et
1154 2279 1247 2347 jugum
1260 2291 1340 2333 snare
1352 2279 1491 2347 pertenire
1503 2287 1671 2334 meruerunt.

998 2370 1073 2426 Vers.
1089 2371 1131 2425 lt.
1146 2369 1265 2438 Domine,
1279 2369 1510 2436 barromonte,
1524 2387 1600 2442 prom
1610 2371 1762 2428 admirabile

965 2471 1001 2518 est
1016 2479 1106 2518 nomer
1122 2448 1194 2517 troni
1209 2463 1235 2517 ir
1252 2463 1368 2518 ruirutsn
1382 2462 1466 2518 terrui
1480 2465 1623 2534 Postquam
1637 2465 1761 2519 lucatur·

965 2552 1065 2610 tionem
1087 2553 1191 2609 botnini
1216 2552 1331 2621 curisti,
1359 2562 1386 2608 et
1410 2553 1619 2608 resurrectionis
1643 2552 1758 2622 gloriam

965 2659 1056 2702 saneta
1074 2647 1192 2702 Ecclesia
1209 2646 1411 2712 intonantem,
1426 2645 1499 2700 illum
1513 2659 1620 2701 rersunt
1636 2645 1670 2700 tie
1682 2644 1760 2701 latiale

966 2740 1069 2796 bomini
1091 2740 1189 2809 repetit
1203 2753 1284 2807 ouem
1299 2738 1367 2792 dirit
1381 2737 1408 2792 in
1422 2738 1519 2807 eapite.
1533 2735 1658 2807 congrue
1672 2735 1759 2806 sinui·

965 2832 1025 2888 deut
1038 2831 1196 2902 principium
1212 2830 1261 2899 ipsi
1282 2829 1425 2898 deputetur
1448 2839 1476 2883 et
1500 2828 1576 2895 utris,
1601 2828 1646 2899 qui
1675 2828 1709 2883 do
1729 2843 1761 2883 se

964 2926 1031 2981 dixit
1048 2943 1054 2978 :
1071 2922 1130 2997 Epo
1148 2942 1204 2979 tutu
1217 2925 1297 2991 otptro
1310 2935 1334 2980 et
1358 2940 1447 2996 omega
1461 2924 1554 2991 tripos.
1570 2941 1597 2987 ι,
1624 2923 1664 2995 8),
1676 2923 1703 2978 id
1717 2930 1761 2978 e·t

965 3015 1071 3071 initium
1097 3024 1124 3071 et
1143 3015 1213 3070 linis.
1237 3015 1288 3072 Sed
1304 3013 1430 3086 quoniam
1446 3014 1535 3069 dirina
1549 3013 1630 3069 rerba
1647 3012 1760 3069 iecuutla

40 3099 43 3103 ’
119 3108 239 3162 coelesti·
252 3107 390 3174 expositor
406 3125 412 3160 ι
429 3106 462 3161 lr
477 3125 505 3162 eo
518 3109 583 3162 erint
595 3109 621 3163 io
633 3126 683 3178 qtto
695 3110 718 3162 ei
733 3106 908 3182 omriontije-
925 3091 950 3156 C
965 3116 1044 3172 sant,
1060 3104 1112 3160 alio
1125 3106 1202 3162 nobis
1217 3114 1385 3162 sacramenta
1400 3113 1590 3177 progenerant.
1602 3104 1760 3174 Siguilicont

119 3199 165 3260 cit,
183 3198 250 3249 ailr'l
264 3198 361 3250 districit
376 3213 428 3250 nou
441 3199 583 3271 trbjecturt
597 3202 620 3253 ti
633 3198 732 3272 (lledr.
748 3216 777 3271 u,
792 3201 831 3272 8).
846 3200 911 3257 Nam

121 3286 213 3340 etalio
226 3287 350 3358 iocnssss
359 3286 442 3342 dicit:
457 3289 570 3343 Adorrte
580 3306 649 3357 eurr,
664 3307 751 3345 orrues
760 3293 845 3362 ertpeli
856 3296 913 3365 ejas

120 3375 209 3447 {Psoi
227 3392 298 3438 tert.
314 3377 353 3447 i).
371 3378 480 3434 Addidit
493 3396 501 3433 :
514 3380 561 3434 snb
574 3381 680 3449 pedidus
702 3385 768 3455 ejus,
783 3389 812 3436 ut
825 3384 913 3439 ottruis

120 3481 244 3523 creatore
257 3470 353 3525 tuerito
365 3472 450 3539 iptntn
465 3472 556 3526 coiere
567 3482 649 3540 atquc
663 3472 778 3527 odorare
792 3474 914 3530 rideatur

120 3575 271 3617 erectorem.
290 3563 322 3617 Et
348 3565 452 3632 respice
468 3563 558 3619 omnia
577 3565 634 3618 sais
661 3564 727 3620 locis
747 3565 830 3621 luisse
857 3582 914 3623 scr·

121 3661 193 3708 tata.
216 3654 302 3720 Quem
326 3655 399 3724 prins
412 3667 520 3726 propter
536 3657 714 3712 lrunrilitatem
727 3658 816 3714 caetris
833 3661 912 3728 paulo

121 3747 211 3800 tainus
236 3746 270 3800 ab
299 3747 402 3816 angelis
435 3749 537 3802 dixerat
560 3762 622 3804 esse
648 3750 828 3815 minoratum:
853 3759 912 3820 post

123 3838 309 3892 ascensionem
330 3838 395 3893 dicit
414 3838 526 3908 pedibus
547 3840 606 3909 ejas
620 3843 710 3897 omnia
726 3840 807 3896 luisse
822 3841 913 3913 sabio¹

123 3936 184 3992 eta,
209 3937 237 3982 nt
261 3930 311 3982 ista
335 3928 481 3996 distinctio,
505 3941 533 3987 et
555 3932 718 3988 dubietatem
738 3932 914 3988 titubantibus

121 4015 247 4083 anlerot.
260 4027 288 4073 et
302 4018 415 4087 gloriam
430 4030 529 4076 sauetre
542 4021 732 4078 incarnationis
743 4024 875 4079 ostendat.

160 4108 238 4165 ieta.
252 4110 280 4165 b.
293 4111 357 4165 (terr
371 4121 396 4166 et
409 4112 493 4180 bores,
508 4114 612 4183 iusuper
625 4125 648 4169 et
663 4130 755 4184 peroro
769 4116 864 4185 corrupi,
881 4115 909 4171 lu

123 4201 174 4257 boc
185 4212 212 4256 et
226 4203 281 4256 aiio
292 4217 371 4258 verso
381 4204 427 4275 qui
440 4208 571 4273 scutrum,
587 4220 680 4275 argum
699 4215 774 4260 ntum
785 4215 829 4261 est
842 4208 912 4277 qrtnd

123 4294 221 4351 dicitnr
233 4295 538 4363 pereromeratiorenr.
557 4296 652 4351 ierom
668 4297 726 4351 liaeo
747 4304 775 4351 et
794 4297 847 4351 alia
863 4311 912 4357 no·

122 4385 213 4447 trina.
239 4399 299 4454 nna
324 4393 483 4455 metuantur,
514 4386 658 4456 allegorice
684 4385 758 4442 dicta
782 4386 912 4443 debemus

966 3198 1037 3254 enim
1052 3207 1081 3252 et
1102 3197 1163 3253 illus
1177 3212 1291 3267 quoram
1307 3197 1358 3252 rita
1374 3197 1471 3252 dirinis
1486 3196 1644 3250 maneribus
1655 3202 1681 3249 et
1695 3196 1758 3249 reli·

965 3293 1046 3362 glosis
1066 3291 1194 3362 auspiciis
1208 3291 1352 3357 inclinata,
1368 3290 1394 3345 in
1408 3290 1514 3346 bomini
1526 3287 1684 3344 credulitate
1696 3301 1759 3357 per·

964 3383 1073 3439 mansit.
1092 3382 1168 3439 Unde
1188 3392 1278 3438 urente
1301 3382 1472 3438 condetulnm
1495 3391 1536 3437 est
1559 3380 1630 3434 ltuuc
1643 3393 1703 3434 esse
1720 3393 1753 3433 es

966 3477 1007 3530 tris
1034 3475 1149 3545 primum
1171 3475 1304 3545 psalnrutn
1331 3472 1376 3544 noi
1400 3488 1430 3530 se
1454 3473 1614 3542 repetitione
1629 3487 1755 3527 versatur

965 3566 1152 3622 sacramentali
1178 3565 1320 3621 iteratione
1345 3564 1553 3637 congemiuaut;
1576 3562 1648 3634 quoti
1669 3573 1698 3620 el
1721 3564 1756 3619 de

964 3658 1027 3713 aliis
1038 3658 1097 3714 loco
1111 3673 1160 3714 stro
1173 3667 1357 3728 competenter
1368 3657 1516 3712 edicemus.

1229 3789 1368 3846 Concltrtio
1390 3791 1494 3863 psalmi.

1002 3926 1040 3982 bc
1062 3924 1167 3982 duabus
1186 3926 1290 3982 orturis
1316 3926 1421 3982 batruini
1444 3926 1554 3992 Christi,
1575 3935 1604 3983 et
1627 3925 1762 3982 secandas

967 4018 1097 4086 psalmus,
1112 4028 1140 4074 et
1154 4019 1205 4074 iste
1218 4017 1302 4074 locati
1316 4028 1379 4072 sunt
1396 4035 1403 4070 t
1418 4018 1542 4087 quamtis
1561 4016 1650 4072 etalii
1665 4017 1761 4074 subto·

966 4119 1082 4180 tpnurtur
1095 4127 1102 4162 :
1114 4107 1141 4164 id
1155 4119 1214 4174 est,
1231 4110 1394 4178 vigesimus,
1414 4108 1632 4179 septuagesimus
1643 4111 1756 4178 primos,

966 4199 1145 4268 octogesimus
1159 4199 1273 4268 primus,
1286 4198 1451 4253 certtesiruns
1463 4198 1579 4268 primus,
1595 4199 1762 4257 centesimus

967 4308 1065 4355 renus,
1084 4302 1112 4348 et
1133 4292 1296 4347 centesimus
1311 4292 1463 4348 tricesimus
1482 4301 1608 4361 octartts;
1625 4293 1762 4349 utoboca·

967 4400 1025 4438 rum
1051 4385 1102 4439 iter
1128 4383 1208 4451 buius
1231 4384 1320 4439 saculi
1343 4383 1507 4453 gradientes.
1537 4386 1614 4455 quasi
1640 4386 1761 4455 plurimis

124 4477 259 4545 accipere.
272 4492 306 4532 re
319 4487 379 4547 port
391 4478 537 4535 rationales
550 4491 688 4534 creaturos
702 4481 915 4548 incompetenter
928 4471 955 4534 Il
968 4476 1135 4546 lampadibus
1147 4476 1274 4543 incensis,
1290 4475 1315 4530 in
1332 4476 1473 4530 hereticas
1484 4489 1576 4533 cautes
1591 4478 1700 4535 minime
1711 4494 1760 4535 ta-

123 4582 221 4634 peeors
236 4569 280 4623 rel
291 4567 413 4638 §autema
428 4571 550 4640 pratrisse
569 4570 701 4627 rideatur.
720 4571 784 4626 (iret
798 4572 912 4627 electuri

122 4657 253 4727 poprium
268 4658 420 4728 elgoidrant
431 4659 630 4726 diocletianam,
644 4661 712 4717 sicut
728 4663 754 4716 lo
770 4660 914 4732 Evangelio

123 4747 255 4803 bonoim
268 4749 566 4822 Petrodieitopostolo:
578 4751 659 4807 Pater
670 4766 728 4807 oreo
741 4767 810 4805 meos
822 4752 912 4823 (loon.

124 4853 182 4903 sat.
196 4841 254 4910 ¹⁸i·
265 4841 316 4909 Qui
336 4841 397 4897 ideo
409 4853 601 4912 ctrmprroutar
615 4842 719 4909 orione.
730 4845 856 4913 quonism
871 4858 911 4908 se.

122 4941 269 4999 praetante
283 4932 417 5000 bomine,
434 4935 541 4990 iattotia
556 4936 760 4990 conversatione
771 4935 915 4990 moderen-

122 5033 183 5089 trr;
206 5026 303 5080 trimo
316 5031 379 5096 onia
403 5027 495 5082 mandi
519 5027 701 5084 ernaiassine
720 5029 810 5098 aliquo
832 5041 913 5083 seusu

119 5114 224 5169 doloris
244 5116 380 5172 amittant.
396 5117 461 5172 Naro
475 5118 558 5173 'sient
580 5119 635 5174 orie
648 5119 803 5175 tondentem
818 5132 912 5174 ternu

120 5208 260 5276 increpat,
286 5209 321 5262 ita
335 5224 385 5266 ree
397 5208 486 5280 justus
499 5211 671 5280 cupiditatem
692 5227 722 5267 se
736 5211 913 5281 etspnliartis

118 5312 243 5354 aecum.
265 5296 346 5354 Borea
369 5311 459 5358 autem
485 5302 674 5374 predicatores
695 5303 850 5373 designant,
867 5305 913 5372 qni

121 5390 240 5444 boman
254 5401 362 5460 pectora
374 5393 506 5448 mandatis
516 5395 670 5450 coelestibus
688 5406 842 5462 exarantes,
859 5395 914 5449 rir·

121 5493 210 5538 attrttn
235 5498 351 5539 mosam
364 5500 516 5556 germinare
538 5485 669 5544 iecerunt.
685 5486 739 5543 Nee
753 5497 827 5542 vacat
841 5486 912 5557 ntrod

121 5575 205 5633 elicit.
221 5575 337 5644 increper,
354 5577 416 5645 rpuia
446 5593 499 5632 unu
521 5578 608 5632 solnm
631 5579 667 5633 illi
693 5576 777 5633 saneti
798 5578 912 5648 tnlrjeetl

120 5678 195 5731 mot,
212 5666 259 5720 sol
275 5667 355 5723 ctiam
370 5681 535 5739 precaturos.
552 5671 629 5743 Sepc
645 5672 715 5727 enim
727 5671 761 5729 de
776 5671 913 5728 conversis

967 4569 1070 4624 leamus
1082 4566 1210 4623 incidere.
1224 4567 1393 4638 Quapropter
1407 4568 1472 4623 tanti
1484 4567 1605 4623 beneficii
1618 4584 1764 4642 cognosca-

967 4677 1027 4717 mus
1048 4671 1197 4717 arctorem.
1225 4661 1299 4717 linus
1322 4671 1363 4717 cst
1381 4659 1452 4716 euim
1481 4659 1546 4716 born
1559 4677 1609 4716 rrrs
1627 4660 1762 4728 cbristus.

965 4752 1117 4823 genitores
1134 4752 1213 4809 Patro
1236 4753 1295 4807 siue
1320 4761 1449 4821 tempore.
1475 4763 1553 4808 natus
1565 4768 1597 4808 er·
1614 4766 1699 4810 matre
1713 4755 1764 4810 snb

968 4855 1100 4913 tempore.
1117 4844 1196 4901 Prius
1212 4845 1340 4900 tntttrtlum
1363 4847 1464 4901 crearit
1483 4861 1517 4900 et
1532 4844 1626 4909 niltilo.
1644 4853 1704 4914 post
1723 4847 1765 4903 itt·

968 4939 1039 5006 genti
1052 4934 1178 4993 liberauit
1190 4936 1287 4992 exitio.
1302 4934 1375 4992 Talis
1389 4946 1430 4992 est
1450 4936 1522 4991 eoitu
1538 4935 1561 4992 l)
1577 4936 1586 4992 i
1602 4949 1629 4991 et
1643 4937 1763 4993 bominis

968 5027 1036 5082 iacta
1060 5028 1207 5092 cornerio,
1229 5036 1258 5083 ut
1280 5037 1422 5097 atramque
1446 5031 1595 5099 integrant,
1614 5039 1759 5100 utramque
1798 5043 1803 5053 ·

970 5135 1126 5196 permaneat
1137 5104 1197 5181 sitne
1206 5125 1294 5196 eliqua
1307 5122 1465 5181 contusione
1478 5126 1643 5182 distinctam.
1670 5125 1763 5193 Neque

970 5217 1042 5270 enirn
1063 5225 1109 5271 art
1132 5216 1260 5270 divinitas
1283 5215 1457 5286 impassibilis
1480 5217 1577 5272 mutari
1602 5217 1698 5288 potnit,
1717 5228 1764 5272 ent

970 5306 1123 5362 ltumouitas
1137 5306 1225 5369 alittd.
1239 5306 1290 5362 uisi
1307 5317 1335 5363 ut
1351 5309 1487 5365 meliorare
1505 5322 1611 5377 semper
1630 5318 1761 5374 inrueret,

970 5397 1136 5464 accepit.Sic
1150 5399 1220 5453 erran
1236 5414 1316 5454 nerins
1337 5410 1417 5469 :rttpun
1439 5400 1609 5469 omnipotens
1631 5396 1763 5454 mediator

970 5489 1080 5545 edoctus
1094 5498 1145 5552 est,
1161 5502 1188 5543 ut
1202 5488 1246 5559 qui
1261 5489 1288 5544 in
1304 5489 1389 5544 tortura
1414 5489 1459 5544 Dei
1484 5489 1554 5544 Patri
1569 5496 1628 5544 erat
1640 5489 1762 5560 aqualis.

971 5580 1088 5635 decutet
1104 5578 1182 5635 nobis
1196 5579 1286 5634 carnis
1311 5581 1495 5648 assumptione
1518 5579 1677 5663 consirujlls.
1693 5579 1720 5633 ln
1734 5566 1763 5634 st

969 5673 1041 5729 enirt
1058 5686 1215 5744 permanere
1238 5672 1302 5728 lecit
1320 5670 1427 5742 inrecta,
1442 5687 1501 5743 non
1515 5672 1601 5728 noluit
1615 5686 1676 5730 csse
1692 5670 1766 5743 paci·
