<?xml version="1.0" encoding="UTF-8"?>
<!DOCTYPE html PUBLIC "-//W3C//DTD XHTML 1.0 Transitional//EN"
    "http://www.w3.org/TR/xhtml1/DTD/xhtml1-transitional.dtd">
<html xmlns="http://www.w3.org/1999/xhtml" xml:lang="en" lang="en">
 <head>
  <title>
</title>
<meta http-equiv="Content-Type" content="text/html;charset=utf-8" />
  <meta name='ocr-system' content='tesseract 3.04.00' />
  <meta name='ocr-capabilities' content='ocr_page ocr_carea ocr_par ocr_line ocrx_word'/>
</head>
<body>
  <div class='ocr_page' id='page_1' title='image "./patrologiaecurs27goog/patrologiaecurs27goog_0073.png"; bbox 0 0 3794 6128; ppageno 0'>
   <div class='ocr_carea' id='block_1_1' title="bbox 128 280 176 336">
    <p class='ocr_par' dir='ltr' id='par_1_1' title="bbox 128 280 176 336">
     <span class='ocr_line' id='line_1_1' title="bbox 128 280 176 336; baseline -0.042 0"><span class='ocrx_word' id='word_1_1' title='bbox 128 280 176 336; x_wconf 74' lang='lat' dir='ltr'><strong>ttt</strong></span> 
     </span>
    </p>
   </div>
   <div class='ocr_carea' id='block_1_2' title="bbox 768 278 1180 354">
    <p class='ocr_par' dir='ltr' id='par_1_2' title="bbox 768 278 1180 354">
     <span class='ocr_line' id='line_1_2' title="bbox 768 278 1180 354; baseline 0.002 -19"><span class='ocrx_word' id='word_1_2' title='bbox 768 281 802 354; x_wconf 84' lang='lat' dir='ltr'><strong>n.</strong></span> <span class='ocrx_word' id='word_1_3' title='bbox 824 278 962 338; x_wconf 82' lang='lat' dir='ltr'><strong>auncurt</strong></span> <span class='ocrx_word' id='word_1_4' title='bbox 983 280 1180 338; x_wconf 81' lang='lat' dir='ltr'><strong>cassianum</strong></span> 
     </span>
    </p>
   </div>
   <div class='ocr_carea' id='block_1_3' title="bbox 1717 279 1765 334">
    <p class='ocr_par' dir='ltr' id='par_1_3' title="bbox 1717 279 1765 334">
     <span class='ocr_line' id='line_1_3' title="bbox 1717 279 1765 334; baseline -0.042 0"><span class='ocrx_word' id='word_1_5' title='bbox 1717 279 1765 334; x_wconf 74' lang='lat' dir='ltr'><strong>ild</strong></span> 
     </span>
    </p>
   </div>
   <div class='ocr_carea' id='block_1_4' title="bbox 127 393 1766 467">
    <p class='ocr_par' dir='ltr' id='par_1_4' title="bbox 127 393 1766 467">
     <span class='ocr_line' id='line_1_4' title="bbox 127 393 1766 467; baseline 0.001 -23"><span class='ocrx_word' id='word_1_6' title='bbox 127 410 175 466; x_wconf 92' lang='lat' dir='ltr'><strong>pcr</strong></span> <span class='ocrx_word' id='word_1_7' title='bbox 199 409 267 459; x_wconf 85' lang='lat' dir='ltr'><strong>auus</strong></span> <span class='ocrx_word' id='word_1_8' title='bbox 288 393 444 448; x_wconf 84' lang='lat' dir='ltr'><strong>solernuiter</strong></span> <span class='ocrx_word' id='word_1_9' title='bbox 465 393 519 467; x_wconf 70' lang='grc'><strong>54</strong></span> <span class='ocrx_word' id='word_1_10' title='bbox 538 397 678 465; x_wconf 80' lang='lat' dir='ltr'><strong>generatio</strong></span> <span class='ocrx_word' id='word_1_11' title='bbox 705 397 821 451; x_wconf 86' lang='lat' dir='ltr'><strong>ltuuruna</strong></span> <span class='ocrx_word' id='word_1_12' title='bbox 836 397 918 451; x_wconf 91' lang='lat' dir='ltr'><strong>senri-</strong></span> <span class='ocrx_word' id='word_1_13' title='bbox 933 400 957 457; x_wconf 73' lang='grc' dir='ltr'><strong>Α</strong></span> <span class='ocrx_word' id='word_1_14' title='bbox 975 411 1024 463; x_wconf 81' lang='lat' dir='ltr'><strong>pue</strong></span> <span class='ocrx_word' id='word_1_15' title='bbox 1038 397 1064 447; x_wconf 91' lang='lat' dir='ltr'><strong>in</strong></span> <span class='ocrx_word' id='word_1_16' title='bbox 1076 397 1163 463; x_wconf 73' lang='lat' dir='ltr'><strong>pinenr.</strong></span> <span class='ocrx_word' id='word_1_17' title='bbox 1179 397 1244 450; x_wconf 78' lang='lat' dir='ltr'><strong>Casu</strong></span> <span class='ocrx_word' id='word_1_18' title='bbox 1261 397 1352 450; x_wconf 78' lang='lat' dir='ltr'><strong>annuntia</strong></span> <span class='ocrx_word' id='word_1_19' title='bbox 1365 395 1527 465; x_wconf 74' lang='lat' dir='ltr'><strong>complesset</strong></span> <span class='ocrx_word' id='word_1_20' title='bbox 1541 393 1574 449; x_wconf 92' lang='lat' dir='ltr'><strong>de</strong></span> <span class='ocrx_word' id='word_1_21' title='bbox 1592 394 1631 448; x_wconf 90' lang='lat' dir='ltr'><strong>sui</strong></span> <span class='ocrx_word' id='word_1_22' title='bbox 1646 394 1766 462; x_wconf 81' lang='lat' dir='ltr'><strong>corprnris</strong></span> 
     </span>
    </p>
   </div>
   <div class='ocr_carea' id='block_1_5' title="bbox 127 495 924 1754">
    <p class='ocr_par' dir='ltr' id='par_1_5' title="bbox 128 495 217 539">
     <span class='ocr_line' id='line_1_5' title="bbox 128 495 217 539; baseline -0.011 0"><span class='ocrx_word' id='word_1_23' title='bbox 128 495 217 539; x_wconf 81' lang='lat' dir='ltr'><strong>untur.</strong></span> 
     </span>
    </p>

    <p class='ocr_par' dir='ltr' id='par_1_6' title="bbox 127 573 924 1754">
     <span class='ocr_line' id='line_1_6' title="bbox 166 573 920 642; baseline 0.001 -16"><span class='ocrx_word' id='word_1_24' title='bbox 166 573 473 630; x_wconf 66' lang='lat' dir='ltr'><strong>tenebrescentes</strong></span> <span class='ocrx_word' id='word_1_25' title='bbox 499 574 639 631; x_wconf 84' lang='lat' dir='ltr'><strong>Dantiuam</strong></span> <span class='ocrx_word' id='word_1_26' title='bbox 658 576 685 630; x_wconf 90' lang='lat' dir='ltr'><strong>in</strong></span> <span class='ocrx_word' id='word_1_27' title='bbox 711 584 847 642; x_wconf 81' lang='lat' dir='ltr'><strong>conspeetu</strong></span> <span class='ocrx_word' id='word_1_28' title='bbox 866 590 920 629; x_wconf 85' lang='lat' dir='ltr'><strong>ntea</strong></span> 
     </span>
     <span class='ocr_line' id='line_1_7' title="bbox 127 666 919 736; baseline -0.005 -15"><span class='ocrx_word' id='word_1_29' title='bbox 127 666 399 736; x_wconf 61' lang='lat' dir='ltr'><strong>teneraetenerae</strong></span> <span class='ocrx_word' id='word_1_30' title='bbox 418 667 516 720; x_wconf 80' lang='lat' dir='ltr'><strong>dex&#39;ris</strong></span> <span class='ocrx_word' id='word_1_31' title='bbox 538 678 574 722; x_wconf 86' lang='lat' dir='ltr'><strong>est</strong></span> <span class='ocrx_word' id='word_1_32' title='bbox 596 669 671 732; x_wconf 85' lang='lat' dir='ltr'><strong>milri,</strong></span> <span class='ocrx_word' id='word_1_33' title='bbox 696 683 727 720; x_wconf 88' lang='lat' dir='ltr'><strong>ne</strong></span> <span class='ocrx_word' id='word_1_34' title='bbox 751 681 919 720; x_wconf 84' lang='lat' dir='ltr'><strong>routnroeear.</strong></span> 
     </span>
     <span class='ocr_line' id='line_1_8' title="bbox 128 755 921 828; baseline 0 -17"><span class='ocrx_word' id='word_1_35' title='bbox 128 755 293 827; x_wconf 80' lang='lat' dir='ltr'><strong>Exponenda</strong></span> <span class='ocrx_word' id='word_1_36' title='bbox 304 757 366 826; x_wconf 84' lang='lat' dir='ltr'><strong>quid</strong></span> <span class='ocrx_word' id='word_1_37' title='bbox 381 755 487 820; x_wconf 79' lang='lat' dir='ltr'><strong>lecerit,</strong></span> <span class='ocrx_word' id='word_1_38' title='bbox 501 757 581 812; x_wconf 87' lang='lat' dir='ltr'><strong>tradit</strong></span> <span class='ocrx_word' id='word_1_39' title='bbox 596 758 673 813; x_wconf 92' lang='lat' dir='ltr'><strong>uubis</strong></span> <span class='ocrx_word' id='word_1_40' title='bbox 686 757 822 828; x_wconf 88' lang='lat' dir='ltr'><strong>singulare</strong></span> <span class='ocrx_word' id='word_1_41' title='bbox 835 773 921 811; x_wconf 83' lang='lat' dir='ltr'><strong>retine·</strong></span> 
     </span>
     <span class='ocr_line' id='line_1_9' title="bbox 128 848 921 921; baseline -0.004 -16"><span class='ocrx_word' id='word_1_42' title='bbox 128 848 202 905; x_wconf 89' lang='lat' dir='ltr'><strong>diunt</strong></span> <span class='ocrx_word' id='word_1_43' title='bbox 213 863 266 920; x_wconf 86' lang='lat' dir='ltr'><strong>quo</strong></span> <span class='ocrx_word' id='word_1_44' title='bbox 277 857 385 920; x_wconf 87' lang='lat' dir='ltr'><strong>peccata</strong></span> <span class='ocrx_word' id='word_1_45' title='bbox 399 850 523 906; x_wconf 78' lang='lat' dir='ltr'><strong>vitemus.</strong></span> <span class='ocrx_word' id='word_1_46' title='bbox 536 849 603 904; x_wconf 87' lang='lat' dir='ltr'><strong>Nam</strong></span> <span class='ocrx_word' id='word_1_47' title='bbox 616 849 663 921; x_wconf 84' lang='lat' dir='ltr'><strong>qui</strong></span> <span class='ocrx_word' id='word_1_48' title='bbox 673 851 747 904; x_wconf 92' lang='lat' dir='ltr'><strong>illum</strong></span> <span class='ocrx_word' id='word_1_49' title='bbox 762 865 869 918; x_wconf 79' lang='lat' dir='ltr'><strong>semper</strong></span> <span class='ocrx_word' id='word_1_50' title='bbox 881 849 921 902; x_wconf 93' lang='lat' dir='ltr'><strong>in·</strong></span> 
     </span>
     <span class='ocr_line' id='line_1_10' title="bbox 131 943 920 1012; baseline -0.003 -13"><span class='ocrx_word' id='word_1_51' title='bbox 131 956 219 1001; x_wconf 89' lang='lat' dir='ltr'><strong>tuctur</strong></span> <span class='ocrx_word' id='word_1_52' title='bbox 229 945 287 1001; x_wconf 88' lang='lat' dir='ltr'><strong>acie</strong></span> <span class='ocrx_word' id='word_1_53' title='bbox 301 945 410 1012; x_wconf 86' lang='lat' dir='ltr'><strong>mentis,</strong></span> <span class='ocrx_word' id='word_1_54' title='bbox 425 946 578 1000; x_wconf 67' lang='lat' dir='ltr'><strong>nullatenus</strong></span> <span class='ocrx_word' id='word_1_55' title='bbox 588 945 620 999; x_wconf 90' lang='lat' dir='ltr'><strong>ad</strong></span> <span class='ocrx_word' id='word_1_56' title='bbox 634 944 729 1011; x_wconf 78' lang='lat' dir='ltr'><strong>delicta</strong></span> <span class='ocrx_word' id='word_1_57' title='bbox 745 943 920 999; x_wconf 83' lang='lat' dir='ltr'><strong>convertitur.</strong></span> 
     </span>
     <span class='ocr_line' id='line_1_11' title="bbox 131 1035 922 1108; baseline -0.003 -17"><span class='ocrx_word' id='word_1_58' title='bbox 131 1037 177 1092; x_wconf 85' lang='lat' dir='ltr'><strong>Sic</strong></span> <span class='ocrx_word' id='word_1_59' title='bbox 189 1038 295 1108; x_wconf 84' lang='lat' dir='ltr'><strong>quando</strong></span> <span class='ocrx_word' id='word_1_60' title='bbox 311 1038 409 1092; x_wconf 83' lang='lat' dir='ltr'><strong>veritas</strong></span> <span class='ocrx_word' id='word_1_61' title='bbox 425 1052 472 1093; x_wconf 91' lang='lat' dir='ltr'><strong>eor</strong></span> <span class='ocrx_word' id='word_1_62' title='bbox 485 1037 629 1103; x_wconf 82' lang='lat' dir='ltr'><strong>innabitat,</strong></span> <span class='ocrx_word' id='word_1_63' title='bbox 646 1037 783 1092; x_wconf 90' lang='lat' dir='ltr'><strong>introitum</strong></span> <span class='ocrx_word' id='word_1_64' title='bbox 796 1035 922 1090; x_wconf 86' lang='lat' dir='ltr'><strong>falsitatis</strong></span> 
     </span>
     <span class='ocr_line' id='line_1_12' title="bbox 130 1126 919 1196; baseline -0.004 -14"><span class='ocrx_word' id='word_1_65' title='bbox 130 1128 268 1183; x_wconf 89' lang='lat' dir='ltr'><strong>emendat.</strong></span> <span class='ocrx_word' id='word_1_66' title='bbox 284 1126 352 1183; x_wconf 85' lang='lat' dir='ltr'><strong>[licit</strong></span> <span class='ocrx_word' id='word_1_67' title='bbox 374 1129 456 1182; x_wconf 89' lang='lat' dir='ltr'><strong>ctiam</strong></span> <span class='ocrx_word' id='word_1_68' title='bbox 470 1142 578 1184; x_wconf 89' lang='lat' dir='ltr'><strong>causam</strong></span> <span class='ocrx_word' id='word_1_69' title='bbox 597 1142 648 1196; x_wconf 85' lang='lat' dir='ltr'><strong>qua</strong></span> <span class='ocrx_word' id='word_1_70' title='bbox 672 1134 761 1180; x_wconf 87' lang='lat' dir='ltr'><strong>motus</strong></span> <span class='ocrx_word' id='word_1_71' title='bbox 789 1140 842 1180; x_wconf 91' lang='lat' dir='ltr'><strong>non</strong></span> <span class='ocrx_word' id='word_1_72' title='bbox 858 1133 919 1188; x_wconf 88' lang='lat' dir='ltr'><strong>est;</strong></span> 
     </span>
     <span class='ocr_line' id='line_1_13' title="bbox 131 1217 920 1289; baseline -0.005 -15"><span class='ocrx_word' id='word_1_73' title='bbox 131 1218 247 1274; x_wconf 88' lang='lat' dir='ltr'><strong>Domino</strong></span> <span class='ocrx_word' id='word_1_74' title='bbox 260 1218 391 1289; x_wconf 84' lang='lat' dir='ltr'><strong>siquidem</strong></span> <span class='ocrx_word' id='word_1_75' title='bbox 407 1237 424 1273; x_wconf 87' lang='lat' dir='ltr'><strong>a</strong></span> <span class='ocrx_word' id='word_1_76' title='bbox 446 1220 543 1273; x_wconf 79' lang='lat' dir='ltr'><strong>desiria</strong></span> <span class='ocrx_word' id='word_1_77' title='bbox 562 1219 722 1287; x_wconf 70' lang='lat' dir='ltr'><strong>opitulante,</strong></span> <span class='ocrx_word' id='word_1_78' title='bbox 739 1217 850 1272; x_wconf 86' lang='lat' dir='ltr'><strong>sinistra</strong></span> <span class='ocrx_word' id='word_1_79' title='bbox 867 1229 920 1270; x_wconf 92' lang='lat' dir='ltr'><strong>uon</strong></span> 
     </span>
     <span class='ocr_line' id='line_1_14' title="bbox 130 1307 923 1382; baseline -0.004 -19"><span class='ocrx_word' id='word_1_80' title='bbox 130 1315 295 1382; x_wconf 59' lang='lat' dir='ltr'><strong>precatuum</strong></span> <span class='ocrx_word' id='word_1_81' title='bbox 311 1311 358 1366; x_wconf 88' lang='lat' dir='ltr'><strong>sed</strong></span> <span class='ocrx_word' id='word_1_82' title='bbox 373 1312 479 1365; x_wconf 90' lang='lat' dir='ltr'><strong>auinms</strong></span> <span class='ocrx_word' id='word_1_83' title='bbox 491 1326 570 1377; x_wconf 82' lang='lat' dir='ltr'><strong>auem</strong></span> <span class='ocrx_word' id='word_1_84' title='bbox 588 1311 632 1364; x_wconf 93' lang='lat' dir='ltr'><strong>ille</strong></span> <span class='ocrx_word' id='word_1_85' title='bbox 647 1308 813 1375; x_wconf 65' lang='lat' dir='ltr'><strong>custoditio</strong></span> <span class='ocrx_word' id='word_1_86' title='bbox 828 1323 862 1363; x_wconf 92' lang='lat' dir='ltr'><strong>eo</strong></span> <span class='ocrx_word' id='word_1_87' title='bbox 878 1307 923 1361; x_wconf 89' lang='lat' dir='ltr'><strong>ftr·</strong></span> 
     </span>
     <span class='ocr_line' id='line_1_15' title="bbox 131 1401 921 1474; baseline -0.006 -15"><span class='ocrx_word' id='word_1_88' title='bbox 131 1403 269 1460; x_wconf 85' lang='lat' dir='ltr'><strong>missimus</strong></span> <span class='ocrx_word' id='word_1_89' title='bbox 285 1414 449 1474; x_wconf 86' lang='lat' dir='ltr'><strong>perseverat.</strong></span> <span class='ocrx_word' id='word_1_90' title='bbox 469 1405 594 1473; x_wconf 86' lang='lat' dir='ltr'><strong>Congrue</strong></span> <span class='ocrx_word' id='word_1_91' title='bbox 609 1412 698 1458; x_wconf 87' lang='lat' dir='ltr'><strong>autern</strong></span> <span class='ocrx_word' id='word_1_92' title='bbox 719 1401 770 1456; x_wconf 91' lang='lat' dir='ltr'><strong>sibi</strong></span> <span class='ocrx_word' id='word_1_93' title='bbox 782 1401 921 1455; x_wconf 83' lang='lat' dir='ltr'><strong>bornioum</strong></span> 
     </span>
     <span class='ocr_line' id='line_1_16' title="bbox 129 1494 922 1565; baseline -0.009 -13"><span class='ocrx_word' id='word_1_94' title='bbox 129 1513 145 1552; x_wconf 91' lang='lat' dir='ltr'><strong>a</strong></span> <span class='ocrx_word' id='word_1_95' title='bbox 160 1497 262 1552; x_wconf 80' lang='lat' dir='ltr'><strong>dextris</strong></span> <span class='ocrx_word' id='word_1_96' title='bbox 277 1511 337 1551; x_wconf 79' lang='lat' dir='ltr'><strong>esse</strong></span> <span class='ocrx_word' id='word_1_97' title='bbox 351 1495 469 1558; x_wconf 83' lang='lat' dir='ltr'><strong>dicebat,</strong></span> <span class='ocrx_word' id='word_1_98' title='bbox 492 1496 588 1565; x_wconf 79' lang='lat' dir='ltr'><strong>quiesi</strong></span> <span class='ocrx_word' id='word_1_99' title='bbox 603 1494 648 1549; x_wconf 93' lang='lat' dir='ltr'><strong>ille</strong></span> <span class='ocrx_word' id='word_1_100' title='bbox 667 1495 737 1548; x_wconf 87' lang='lat' dir='ltr'><strong>franc</strong></span> <span class='ocrx_word' id='word_1_101' title='bbox 752 1505 853 1562; x_wconf 86' lang='lat' dir='ltr'><strong>partem</strong></span> <span class='ocrx_word' id='word_1_102' title='bbox 869 1507 922 1545; x_wconf 91' lang='lat' dir='ltr'><strong>non</strong></span> 
     </span>
     <span class='ocr_line' id='line_1_17' title="bbox 131 1586 921 1658; baseline -0.009 -12"><span class='ocrx_word' id='word_1_103' title='bbox 131 1595 264 1658; x_wconf 80' lang='lat' dir='ltr'><strong>terruerit,</strong></span> <span class='ocrx_word' id='word_1_104' title='bbox 280 1593 370 1646; x_wconf 88' lang='lat' dir='ltr'><strong>statim</strong></span> <span class='ocrx_word' id='word_1_105' title='bbox 395 1607 453 1645; x_wconf 87' lang='lat' dir='ltr'><strong>eant</strong></span> <span class='ocrx_word' id='word_1_106' title='bbox 470 1590 540 1646; x_wconf 86' lang='lat' dir='ltr'><strong>insid</strong></span> <span class='ocrx_word' id='word_1_107' title='bbox 554 1603 604 1643; x_wconf 83' lang='lat' dir='ltr'><strong>ants</strong></span> <span class='ocrx_word' id='word_1_108' title='bbox 623 1588 747 1643; x_wconf 76' lang='lat' dir='ltr'><strong>diabulus</strong></span> <span class='ocrx_word' id='word_1_109' title='bbox 759 1586 921 1654; x_wconf 72' lang='lat' dir='ltr'><strong>occupabit:</strong></span> 
     </span>
     <span class='ocr_line' id='line_1_18' title="bbox 130 1681 924 1754; baseline -0.01 -14"><span class='ocrx_word' id='word_1_110' title='bbox 130 1687 200 1740; x_wconf 90' lang='lat' dir='ltr'><strong>sicut</strong></span> <span class='ocrx_word' id='word_1_111' title='bbox 214 1684 248 1740; x_wconf 90' lang='lat' dir='ltr'><strong>de</strong></span> <span class='ocrx_word' id='word_1_112' title='bbox 263 1685 330 1741; x_wconf 85' lang='lat' dir='ltr'><strong>iuda</strong></span> <span class='ocrx_word' id='word_1_113' title='bbox 343 1685 471 1754; x_wconf 91' lang='lat' dir='ltr'><strong>scriptum</strong></span> <span class='ocrx_word' id='word_1_114' title='bbox 486 1694 528 1738; x_wconf 88' lang='lat' dir='ltr'><strong>est</strong></span> <span class='ocrx_word' id='word_1_115' title='bbox 542 1703 548 1739; x_wconf 75' lang='grc' dir='ltr'>ι</span> <span class='ocrx_word' id='word_1_116' title='bbox 565 1681 697 1739; x_wconf 82' lang='lat' dir='ltr'><strong>Constitue</strong></span> <span class='ocrx_word' id='word_1_117' title='bbox 707 1699 783 1751; x_wconf 82' lang='lat' dir='ltr'><strong>super</strong></span> <span class='ocrx_word' id='word_1_118' title='bbox 797 1698 855 1736; x_wconf 87' lang='lat' dir='ltr'><strong>euru</strong></span> <span class='ocrx_word' id='word_1_119' title='bbox 866 1697 924 1752; x_wconf 80' lang='lat' dir='ltr'><strong>pec·</strong></span> 
     </span>
    </p>
   </div>
   <div class='ocr_carea' id='block_1_6' title="bbox 972 483 1766 1745">
    <p class='ocr_par' dir='ltr' id='par_1_7' title="bbox 972 483 1766 1745">
     <span class='ocr_line' id='line_1_19' title="bbox 975 483 1765 551; baseline -0.008 -10"><span class='ocrx_word' id='word_1_120' title='bbox 975 488 1131 551; x_wconf 78' lang='lat' dir='ltr'><strong>sanctitate,</strong></span> <span class='ocrx_word' id='word_1_121' title='bbox 1145 501 1238 541; x_wconf 84' lang='lat' dir='ltr'><strong>versus</strong></span> <span class='ocrx_word' id='word_1_122' title='bbox 1253 487 1301 540; x_wconf 87' lang='lat' dir='ltr'><strong>iste</strong></span> <span class='ocrx_word' id='word_1_123' title='bbox 1316 487 1342 539; x_wconf 94' lang='lat' dir='ltr'><strong>iu</strong></span> <span class='ocrx_word' id='word_1_124' title='bbox 1354 486 1555 540; x_wconf 81' lang='lat' dir='ltr'><strong>conclusionem</strong></span> <span class='ocrx_word' id='word_1_125' title='bbox 1569 483 1698 537; x_wconf 86' lang='lat' dir='ltr'><strong>deductus</strong></span> <span class='ocrx_word' id='word_1_126' title='bbox 1713 495 1765 549; x_wconf 86' lang='lat' dir='ltr'><strong>est,</strong></span> 
     </span>
     <span class='ocr_line' id='line_1_20' title="bbox 974 573 1766 646; baseline -0.006 -14"><span class='ocrx_word' id='word_1_127' title='bbox 974 578 1112 646; x_wconf 72' lang='lat' dir='ltr'><strong>pertinens</strong></span> <span class='ocrx_word' id='word_1_128' title='bbox 1128 579 1210 631; x_wconf 89' lang='lat' dir='ltr'><strong>etiarn</strong></span> <span class='ocrx_word' id='word_1_129' title='bbox 1234 578 1266 631; x_wconf 91' lang='lat' dir='ltr'><strong>ad</strong></span> <span class='ocrx_word' id='word_1_130' title='bbox 1280 576 1385 645; x_wconf 86' lang='lat' dir='ltr'><strong>justos,</strong></span> <span class='ocrx_word' id='word_1_131' title='bbox 1406 577 1451 645; x_wconf 84' lang='lat' dir='ltr'><strong>qui</strong></span> <span class='ocrx_word' id='word_1_132' title='bbox 1465 575 1523 644; x_wconf 80' lang='lat' dir='ltr'><strong>ejus</strong></span> <span class='ocrx_word' id='word_1_133' title='bbox 1536 574 1637 643; x_wconf 83' lang='lat' dir='ltr'><strong>eligunt</strong></span> <span class='ocrx_word' id='word_1_134' title='bbox 1655 573 1766 628; x_wconf 72' lang='lat' dir='ltr'><strong>obcdssre</strong></span> 
     </span>
     <span class='ocr_line' id='line_1_21' title="bbox 973 664 1766 738; baseline -0.005 -15"><span class='ocrx_word' id='word_1_135' title='bbox 973 668 1116 723; x_wconf 85' lang='lat' dir='ltr'><strong>tnarrdatis.</strong></span> <span class='ocrx_word' id='word_1_136' title='bbox 1143 667 1228 722; x_wconf 83' lang='lat' dir='ltr'><strong>Notas</strong></span> <span class='ocrx_word' id='word_1_137' title='bbox 1243 666 1305 720; x_wconf 84' lang='lat' dir='ltr'><strong>stibi</strong></span> <span class='ocrx_word' id='word_1_138' title='bbox 1320 668 1401 738; x_wconf 69' lang='lat' dir='ltr'><strong>fecisti</strong></span> <span class='ocrx_word' id='word_1_139' title='bbox 1414 666 1544 729; x_wconf 75' lang='lat' dir='ltr'><strong>uiuaciter,</strong></span> <span class='ocrx_word' id='word_1_140' title='bbox 1561 664 1586 718; x_wconf 93' lang='lat' dir='ltr'><strong>id</strong></span> <span class='ocrx_word' id='word_1_141' title='bbox 1602 673 1641 719; x_wconf 87' lang='lat' dir='ltr'><strong>cst</strong></span> <span class='ocrx_word' id='word_1_142' title='bbox 1664 679 1766 734; x_wconf 79' lang='lat' dir='ltr'><strong>perum</strong></span> 
     </span>
     <span class='ocr_line' id='line_1_22' title="bbox 973 759 1765 830; baseline -0.006 -13"><span class='ocrx_word' id='word_1_143' title='bbox 973 763 1059 818; x_wconf 81' lang='lat' dir='ltr'><strong>fecisti</strong></span> <span class='ocrx_word' id='word_1_144' title='bbox 1076 764 1221 817; x_wconf 86' lang='lat' dir='ltr'><strong>frutnanum</strong></span> <span class='ocrx_word' id='word_1_145' title='bbox 1237 777 1320 830; x_wconf 84' lang='lat' dir='ltr'><strong>gertus</strong></span> <span class='ocrx_word' id='word_1_146' title='bbox 1336 761 1386 814; x_wconf 89' lang='lat' dir='ltr'><strong>iter</strong></span> <span class='ocrx_word' id='word_1_147' title='bbox 1403 759 1485 814; x_wconf 85' lang='lat' dir='ltr'><strong>ritate</strong></span> <span class='ocrx_word' id='word_1_148' title='bbox 1498 772 1677 827; x_wconf 82' lang='lat' dir='ltr'><strong>cognoscere.</strong></span> <span class='ocrx_word' id='word_1_149' title='bbox 1695 767 1724 810; x_wconf 90' lang='lat' dir='ltr'><strong>ut</strong></span> <span class='ocrx_word' id='word_1_150' title='bbox 1737 759 1765 812; x_wconf 90' lang='lat' dir='ltr'><strong>in</strong></span> 
     </span>
     <span class='ocr_line' id='line_1_23' title="bbox 973 850 1765 915; baseline -0.009 -5"><span class='ocrx_word' id='word_1_151' title='bbox 973 857 1108 910; x_wconf 85' lang='lat' dir='ltr'><strong>trrandatis</strong></span> <span class='ocrx_word' id='word_1_152' title='bbox 1123 856 1175 910; x_wconf 88' lang='lat' dir='ltr'><strong>tuis</strong></span> <span class='ocrx_word' id='word_1_153' title='bbox 1191 854 1331 909; x_wconf 88' lang='lat' dir='ltr'><strong>lturniliter</strong></span> <span class='ocrx_word' id='word_1_154' title='bbox 1344 853 1536 915; x_wconf 79' lang='lat' dir='ltr'><strong>ambulantes,</strong></span> <span class='ocrx_word' id='word_1_155' title='bbox 1560 850 1705 904; x_wconf 81' lang='lat' dir='ltr'><strong>ttnurtilerm</strong></span> <span class='ocrx_word' id='word_1_156' title='bbox 1720 865 1765 904; x_wconf 92' lang='lat' dir='ltr'><strong>su·</strong></span> 
     </span>
     <span class='ocr_line' id='line_1_24' title="bbox 975 944 1766 1018; baseline -0.004 -17"><span class='ocrx_word' id='word_1_157' title='bbox 975 951 1073 1018; x_wconf 77' lang='lat' dir='ltr'><strong>pucritiae</strong></span> <span class='ocrx_word' id='word_1_158' title='bbox 1101 964 1203 1003; x_wconf 83' lang='lat' dir='ltr'><strong>tenena</strong></span> <span class='ocrx_word' id='word_1_159' title='bbox 1228 947 1405 1002; x_wconf 87' lang='lat' dir='ltr'><strong>declinarent.</strong></span> <span class='ocrx_word' id='word_1_160' title='bbox 1426 944 1659 1014; x_wconf 71' lang='lat' dir='ltr'><strong>adinipletionis,</strong></span> <span class='ocrx_word' id='word_1_161' title='bbox 1680 944 1705 997; x_wconf 89' lang='lat' dir='ltr'><strong>id</strong></span> <span class='ocrx_word' id='word_1_162' title='bbox 1723 955 1766 998; x_wconf 89' lang='lat' dir='ltr'><strong>est</strong></span> 
     </span>
     <span class='ocr_line' id='line_1_25' title="bbox 977 1037 1763 1108; baseline 0.001 -19"><span class='ocrx_word' id='word_1_163' title='bbox 977 1041 1056 1093; x_wconf 79' lang='lat' dir='ltr'><strong>aelric</strong></span> <span class='ocrx_word' id='word_1_164' title='bbox 1072 1039 1205 1108; x_wconf 87' lang='lat' dir='ltr'><strong>implebis.</strong></span> <span class='ocrx_word' id='word_1_165' title='bbox 1222 1038 1284 1092; x_wconf 83' lang='lat' dir='ltr'><strong>l‘lus</strong></span> <span class='ocrx_word' id='word_1_166' title='bbox 1301 1046 1342 1091; x_wconf 84' lang='lat' dir='ltr'><strong>est</strong></span> <span class='ocrx_word' id='word_1_167' title='bbox 1363 1040 1433 1091; x_wconf 87' lang='lat' dir='ltr'><strong>roim</strong></span> <span class='ocrx_word' id='word_1_168' title='bbox 1459 1054 1473 1090; x_wconf 87' lang='lat' dir='ltr'><strong>a</strong></span> <span class='ocrx_word' id='word_1_169' title='bbox 1499 1037 1578 1106; x_wconf 89' lang='lat' dir='ltr'><strong>pleno</strong></span> <span class='ocrx_word' id='word_1_170' title='bbox 1599 1037 1763 1106; x_wconf 81' lang='lat' dir='ltr'><strong>adimplere:</strong></span> 
     </span>
     <span class='ocr_line' id='line_1_26' title="bbox 975 1127 1763 1201; baseline -0.004 -16"><span class='ocrx_word' id='word_1_171' title='bbox 975 1131 1016 1185; x_wconf 84' lang='lat' dir='ltr'><strong>liic</strong></span> <span class='ocrx_word' id='word_1_172' title='bbox 1030 1131 1075 1201; x_wconf 87' lang='lat' dir='ltr'><strong>qtri</strong></span> <span class='ocrx_word' id='word_1_173' title='bbox 1089 1129 1169 1185; x_wconf 90' lang='lat' dir='ltr'><strong>mittit</strong></span> <span class='ocrx_word' id='word_1_174' title='bbox 1184 1131 1211 1185; x_wconf 91' lang='lat' dir='ltr'><strong>in</strong></span> <span class='ocrx_word' id='word_1_175' title='bbox 1228 1130 1306 1198; x_wconf 90' lang='lat' dir='ltr'><strong>pleno</strong></span> <span class='ocrx_word' id='word_1_176' title='bbox 1323 1129 1418 1182; x_wconf 87' lang='lat' dir='ltr'><strong>tundit.</strong></span> <span class='ocrx_word' id='word_1_177' title='bbox 1435 1127 1480 1181; x_wconf 92' lang='lat' dir='ltr'><strong>llla</strong></span> <span class='ocrx_word' id='word_1_178' title='bbox 1496 1139 1586 1182; x_wconf 86' lang='lat' dir='ltr'><strong>autern</strong></span> <span class='ocrx_word' id='word_1_179' title='bbox 1612 1127 1704 1182; x_wconf 81' lang='lat' dir='ltr'><strong>letitia</strong></span> <span class='ocrx_word' id='word_1_180' title='bbox 1723 1127 1763 1182; x_wconf 85' lang='lat' dir='ltr'><strong>sic</strong></span> 
     </span>
     <span class='ocr_line' id='line_1_27' title="bbox 973 1220 1764 1292; baseline -0.001 -15"><span class='ocrx_word' id='word_1_181' title='bbox 973 1223 1101 1292; x_wconf 89' lang='lat' dir='ltr'><strong>adimplet</strong></span> <span class='ocrx_word' id='word_1_182' title='bbox 1112 1263 1120 1286; x_wconf 86' lang='grc'>,</span> <span class='ocrx_word' id='word_1_183' title='bbox 1133 1231 1161 1275; x_wconf 84' lang='grc' dir='ltr'><strong>ιιι</strong></span> <span class='ocrx_word' id='word_1_184' title='bbox 1177 1237 1284 1292; x_wconf 82' lang='lat' dir='ltr'><strong>semper</strong></span> <span class='ocrx_word' id='word_1_185' title='bbox 1305 1233 1358 1275; x_wconf 85' lang='lat' dir='ltr'><strong>tota</strong></span> <span class='ocrx_word' id='word_1_186' title='bbox 1376 1229 1510 1275; x_wconf 82' lang='lat' dir='ltr'><strong>terreatur.</strong></span> <span class='ocrx_word' id='word_1_187' title='bbox 1526 1220 1667 1289; x_wconf 88' lang='lat' dir='ltr'><strong>Significat</strong></span> <span class='ocrx_word' id='word_1_188' title='bbox 1682 1221 1764 1276; x_wconf 88' lang='lat' dir='ltr'><strong>ctiam</strong></span> 
     </span>
     <span class='ocr_line' id='line_1_28' title="bbox 972 1309 1761 1383; baseline 0.001 -20"><span class='ocrx_word' id='word_1_189' title='bbox 972 1314 1059 1383; x_wconf 83' lang='lat' dir='ltr'><strong>justus</strong></span> <span class='ocrx_word' id='word_1_190' title='bbox 1070 1327 1164 1367; x_wconf 87' lang='lat' dir='ltr'><strong>oroues</strong></span> <span class='ocrx_word' id='word_1_191' title='bbox 1177 1314 1202 1366; x_wconf 91' lang='lat' dir='ltr'><strong>in</strong></span> <span class='ocrx_word' id='word_1_192' title='bbox 1222 1312 1265 1366; x_wconf 91' lang='lat' dir='ltr'><strong>illa</strong></span> <span class='ocrx_word' id='word_1_193' title='bbox 1281 1311 1447 1367; x_wconf 88' lang='lat' dir='ltr'><strong>beatitudine</strong></span> <span class='ocrx_word' id='word_1_194' title='bbox 1465 1310 1556 1364; x_wconf 79' lang='lat' dir='ltr'><strong>latitia</strong></span> <span class='ocrx_word' id='word_1_195' title='bbox 1572 1310 1661 1364; x_wconf 87' lang='lat' dir='ltr'><strong>roltus</strong></span> <span class='ocrx_word' id='word_1_196' title='bbox 1675 1309 1761 1364; x_wconf 86' lang='lat' dir='ltr'><strong>boati·</strong></span> 
     </span>
     <span class='ocr_line' id='line_1_29' title="bbox 975 1404 1765 1474; baseline -0.001 -14"><span class='ocrx_word' id='word_1_197' title='bbox 975 1407 1000 1460; x_wconf 91' lang='lat' dir='ltr'><strong>ni</strong></span> <span class='ocrx_word' id='word_1_198' title='bbox 1016 1419 1076 1461; x_wconf 88' lang='lat' dir='ltr'><strong>esse</strong></span> <span class='ocrx_word' id='word_1_199' title='bbox 1092 1405 1289 1474; x_wconf 83' lang='lat' dir='ltr'><strong>corripiendos:</strong></span> <span class='ocrx_word' id='word_1_200' title='bbox 1316 1406 1342 1459; x_wconf 92' lang='lat' dir='ltr'><strong>in</strong></span> <span class='ocrx_word' id='word_1_201' title='bbox 1365 1405 1475 1472; x_wconf 81' lang='lat' dir='ltr'><strong>atsilms,</strong></span> <span class='ocrx_word' id='word_1_202' title='bbox 1496 1404 1558 1472; x_wconf 82' lang='lat' dir='ltr'><strong>auia</strong></span> <span class='ocrx_word' id='word_1_203' title='bbox 1576 1405 1632 1473; x_wconf 89' lang='lat' dir='ltr'><strong>ipse</strong></span> <span class='ocrx_word' id='word_1_204' title='bbox 1656 1412 1715 1468; x_wconf 84' lang='lat' dir='ltr'><strong>est.</strong></span> <span class='ocrx_word' id='word_1_205' title='bbox 1734 1418 1765 1460; x_wconf 87' lang='lat' dir='ltr'><strong>se</strong></span> 
     </span>
     <span class='ocr_line' id='line_1_30' title="bbox 974 1495 1764 1566; baseline -0.001 -15"><span class='ocrx_word' id='word_1_206' title='bbox 974 1497 1115 1566; x_wconf 85' lang='lat' dir='ltr'><strong>adimpleri</strong></span> <span class='ocrx_word' id='word_1_207' title='bbox 1142 1511 1221 1565; x_wconf 89' lang='lat' dir='ltr'><strong>posse</strong></span> <span class='ocrx_word' id='word_1_208' title='bbox 1244 1505 1367 1551; x_wconf 87' lang='lat' dir='ltr'><strong>testatur.</strong></span> <span class='ocrx_word' id='word_1_209' title='bbox 1386 1495 1439 1549; x_wconf 85' lang='lat' dir='ltr'><strong>Sed</strong></span> <span class='ocrx_word' id='word_1_210' title='bbox 1459 1495 1594 1561; x_wconf 76' lang='lat' dir='ltr'><strong>praululunt</strong></span> <span class='ocrx_word' id='word_1_211' title='bbox 1612 1507 1764 1564; x_wconf 89' lang='lat' dir='ltr'><strong>perscrute-</strong></span> 
     </span>
     <span class='ocr_line' id='line_1_31' title="bbox 975 1586 1765 1657; baseline -0.003 -14"><span class='ocrx_word' id='word_1_212' title='bbox 975 1605 1035 1643; x_wconf 90' lang='lat' dir='ltr'><strong>nmr</strong></span> <span class='ocrx_word' id='word_1_213' title='bbox 1047 1586 1189 1643; x_wconf 84' lang='lat' dir='ltr'><strong>solicitius</strong></span> <span class='ocrx_word' id='word_1_214' title='bbox 1201 1587 1262 1657; x_wconf 84' lang='lat' dir='ltr'><strong>quid</strong></span> <span class='ocrx_word' id='word_1_215' title='bbox 1279 1589 1313 1641; x_wconf 89' lang='lat' dir='ltr'><strong>sit</strong></span> <span class='ocrx_word' id='word_1_216' title='bbox 1323 1587 1392 1655; x_wconf 83' lang='lat' dir='ltr'><strong>auod</strong></span> <span class='ocrx_word' id='word_1_217' title='bbox 1404 1587 1447 1641; x_wconf 82' lang='lat' dir='ltr'><strong>liic</strong></span> <span class='ocrx_word' id='word_1_218' title='bbox 1458 1586 1485 1640; x_wconf 91' lang='lat' dir='ltr'><strong>iu</strong></span> <span class='ocrx_word' id='word_1_219' title='bbox 1501 1587 1611 1641; x_wconf 81' lang='lat' dir='ltr'><strong>dextera</strong></span> <span class='ocrx_word' id='word_1_220' title='bbox 1625 1587 1711 1642; x_wconf 82' lang='lat' dir='ltr'><strong>l&#39;atris</strong></span> <span class='ocrx_word' id='word_1_221' title='bbox 1725 1588 1765 1641; x_wconf 88' lang='lat' dir='ltr'><strong>di·</strong></span> 
     </span>
     <span class='ocr_line' id='line_1_32' title="bbox 976 1676 1766 1745; baseline -0.005 -12"><span class='ocrx_word' id='word_1_222' title='bbox 976 1688 1019 1733; x_wconf 88' lang='lat' dir='ltr'><strong>cat</strong></span> <span class='ocrx_word' id='word_1_223' title='bbox 1033 1695 1063 1733; x_wconf 89' lang='lat' dir='ltr'><strong>se</strong></span> <span class='ocrx_word' id='word_1_224' title='bbox 1078 1677 1302 1732; x_wconf 82' lang='lat' dir='ltr'><strong>dlectutionibus</strong></span> <span class='ocrx_word' id='word_1_225' title='bbox 1321 1676 1538 1745; x_wconf 80' lang='lat' dir='ltr'><strong>adimplendum,</strong></span> <span class='ocrx_word' id='word_1_226' title='bbox 1560 1691 1620 1731; x_wconf 91' lang='lat' dir='ltr'><strong>cum</strong></span> <span class='ocrx_word' id='word_1_227' title='bbox 1642 1676 1766 1744; x_wconf 84' lang='lat' dir='ltr'><strong>superius</strong></span> 
     </span>
    </p>
   </div>
   <div class='ocr_carea' id='block_1_7' title="bbox 131 1767 1766 1849">
    <p class='ocr_par' dir='ltr' id='par_1_8' title="bbox 131 1767 1766 1849">
     <span class='ocr_line' id='line_1_33' title="bbox 131 1767 1766 1849; baseline -0.006 -19"><span class='ocrx_word' id='word_1_228' title='bbox 131 1787 253 1841; x_wconf 79' lang='lat' dir='ltr'><strong>errrorem,</strong></span> <span class='ocrx_word' id='word_1_229' title='bbox 267 1788 291 1832; x_wconf 91' lang='lat' dir='ltr'><strong>et</strong></span> <span class='ocrx_word' id='word_1_230' title='bbox 302 1777 419 1832; x_wconf 78' lang='lat' dir='ltr'><strong>diabolus</strong></span> <span class='ocrx_word' id='word_1_231' title='bbox 431 1785 478 1830; x_wconf 85' lang='lat' dir='ltr'><strong>stet</strong></span> <span class='ocrx_word' id='word_1_232' title='bbox 490 1794 506 1830; x_wconf 92' lang='lat' dir='ltr'><strong>a</strong></span> <span class='ocrx_word' id='word_1_233' title='bbox 518 1778 615 1831; x_wconf 78' lang='lat' dir='ltr'><strong>dextris</strong></span> <span class='ocrx_word' id='word_1_234' title='bbox 626 1781 683 1849; x_wconf 76' lang='lat' dir='ltr'><strong>ejas</strong></span> <span class='ocrx_word' id='word_1_235' title='bbox 697 1774 784 1847; x_wconf 78' lang='lat' dir='ltr'><strong>(Psoi.</strong></span> <span class='ocrx_word' id='word_1_236' title='bbox 796 1789 869 1839; x_wconf 81' lang='lat' dir='ltr'><strong>curn,</strong></span> <span class='ocrx_word' id='word_1_237' title='bbox 884 1773 922 1845; x_wconf 83' lang='lat' dir='ltr'><strong>o).</strong></span> <span class='ocrx_word' id='word_1_238' title='bbox 941 1774 962 1834; x_wconf 80' lang='lat' dir='ltr'>B</span> <span class='ocrx_word' id='word_1_239' title='bbox 976 1770 1092 1825; x_wconf 77' lang='lat' dir='ltr'><strong>dixerit:</strong></span> <span class='ocrx_word' id='word_1_240' title='bbox 1110 1769 1237 1833; x_wconf 85' lang='lat' dir='ltr'><strong>Quoniam</strong></span> <span class='ocrx_word' id='word_1_241' title='bbox 1250 1784 1266 1821; x_wconf 92' lang='lat' dir='ltr'><strong>a</strong></span> <span class='ocrx_word' id='word_1_242' title='bbox 1279 1769 1374 1823; x_wconf 79' lang='lat' dir='ltr'><strong>dextris</strong></span> <span class='ocrx_word' id='word_1_243' title='bbox 1386 1775 1423 1822; x_wconf 91' lang='lat' dir='ltr'><strong>est</strong></span> <span class='ocrx_word' id='word_1_244' title='bbox 1436 1767 1499 1821; x_wconf 86' lang='lat' dir='ltr'><strong>milri</strong></span> <span class='ocrx_word' id='word_1_245' title='bbox 1512 1783 1544 1822; x_wconf 91' lang='lat' dir='ltr'><strong>ne</strong></span> <span class='ocrx_word' id='word_1_246' title='bbox 1555 1783 1722 1822; x_wconf 88' lang='lat' dir='ltr'><strong>eontntoaear.</strong></span> <span class='ocrx_word' id='word_1_247' title='bbox 1738 1768 1766 1824; x_wconf 93' lang='lat' dir='ltr'><strong>ln</strong></span> 
     </span>
    </p>
   </div>
   <div class='ocr_carea' id='block_1_8' title="bbox 131 1868 927 3133">
    <p class='ocr_par' dir='ltr' id='par_1_9' title="bbox 131 1868 927 3133">
     <span class='ocr_line' id='line_1_34' title="bbox 169 1868 925 1941; baseline -0.003 -19"><span class='ocrx_word' id='word_1_248' title='bbox 169 1870 248 1925; x_wconf 80' lang='lat' dir='ltr'><strong>fers.</strong></span> <span class='ocrx_word' id='word_1_249' title='bbox 262 1871 305 1925; x_wconf 88' lang='lat' dir='ltr'><strong>ill.</strong></span> <span class='ocrx_word' id='word_1_250' title='bbox 322 1868 434 1941; x_wconf 80' lang='lat' dir='ltr'><strong>Propter</strong></span> <span class='ocrx_word' id='word_1_251' title='bbox 444 1871 492 1924; x_wconf 90' lang='lat' dir='ltr'><strong>lroa</strong></span> <span class='ocrx_word' id='word_1_252' title='bbox 506 1871 659 1925; x_wconf 68' lang='lat' dir='ltr'><strong>aeternamm</strong></span> <span class='ocrx_word' id='word_1_253' title='bbox 670 1879 705 1923; x_wconf 87' lang='lat' dir='ltr'><strong>est</strong></span> <span class='ocrx_word' id='word_1_254' title='bbox 725 1885 769 1922; x_wconf 88' lang='lat' dir='ltr'><strong>ear</strong></span> <span class='ocrx_word' id='word_1_255' title='bbox 790 1883 886 1932; x_wconf 82' lang='lat' dir='ltr'><strong>meam,</strong></span> <span class='ocrx_word' id='word_1_256' title='bbox 901 1877 925 1920; x_wconf 88' lang='lat' dir='ltr'><strong>et</strong></span> 
     </span>
     <span class='ocr_line' id='line_1_35' title="bbox 131 1963 924 2040; baseline -0.008 -18"><span class='ocrx_word' id='word_1_257' title='bbox 131 1968 267 2024; x_wconf 75' lang='lat' dir='ltr'><strong>exsultabit</strong></span> <span class='ocrx_word' id='word_1_258' title='bbox 282 1967 370 2040; x_wconf 81' lang='lat' dir='ltr'><strong>lirrpua</strong></span> <span class='ocrx_word' id='word_1_259' title='bbox 384 1984 455 2030; x_wconf 85' lang='lat' dir='ltr'><strong>ntea‚·</strong></span> <span class='ocrx_word' id='word_1_260' title='bbox 471 1967 578 2034; x_wconf 82' lang='lat' dir='ltr'><strong>insuper</strong></span> <span class='ocrx_word' id='word_1_261' title='bbox 590 1976 613 2019; x_wconf 91' lang='lat' dir='ltr'><strong>et</strong></span> <span class='ocrx_word' id='word_1_262' title='bbox 628 1981 689 2019; x_wconf 88' lang='lat' dir='ltr'><strong>caro</strong></span> <span class='ocrx_word' id='word_1_263' title='bbox 710 1980 767 2018; x_wconf 91' lang='lat' dir='ltr'><strong>mea</strong></span> <span class='ocrx_word' id='word_1_264' title='bbox 786 1963 924 2032; x_wconf 76' lang='lat' dir='ltr'><strong>requiescet</strong></span> 
     </span>
     <span class='ocr_line' id='line_1_36' title="bbox 135 2053 923 2127; baseline -0.008 -16"><span class='ocrx_word' id='word_1_265' title='bbox 135 2060 162 2111; x_wconf 92' lang='lat' dir='ltr'><strong>in</strong></span> <span class='ocrx_word' id='word_1_266' title='bbox 175 2074 230 2125; x_wconf 79' lang='lat' dir='ltr'><strong>spe.</strong></span> <span class='ocrx_word' id='word_1_267' title='bbox 244 2057 354 2127; x_wconf 79' lang='lat' dir='ltr'><strong>Propter</strong></span> <span class='ocrx_word' id='word_1_268' title='bbox 362 2057 420 2122; x_wconf 83' lang='lat' dir='ltr'><strong>bor,</strong></span> <span class='ocrx_word' id='word_1_269' title='bbox 432 2057 502 2126; x_wconf 85' lang='lat' dir='ltr'><strong>qumi</strong></span> <span class='ocrx_word' id='word_1_270' title='bbox 516 2057 558 2110; x_wconf 64' lang='lat' dir='ltr'><strong>ille</strong></span> <span class='ocrx_word' id='word_1_271' title='bbox 571 2056 701 2117; x_wconf 76' lang='lat' dir='ltr'><strong>sciliceta</strong></span> <span class='ocrx_word' id='word_1_272' title='bbox 715 2054 817 2110; x_wconf 82' lang='lat' dir='ltr'><strong>destris</strong></span> <span class='ocrx_word' id='word_1_273' title='bbox 829 2053 923 2117; x_wconf 89' lang='lat' dir='ltr'><strong>astitit,</strong></span> 
     </span>
     <span class='ocr_line' id='line_1_37' title="bbox 132 2144 925 2219; baseline -0.01 -15"><span class='ocrx_word' id='word_1_274' title='bbox 132 2160 160 2204; x_wconf 87' lang='lat' dir='ltr'><strong>ot</strong></span> <span class='ocrx_word' id='word_1_275' title='bbox 171 2149 196 2203; x_wconf 93' lang='lat' dir='ltr'><strong>iu</strong></span> <span class='ocrx_word' id='word_1_276' title='bbox 208 2150 417 2219; x_wconf 75' lang='lat' dir='ltr'><strong>cogitationibus</strong></span> <span class='ocrx_word' id='word_1_277' title='bbox 437 2149 493 2202; x_wconf 74' lang='lat' dir='ltr'><strong>suis</strong></span> <span class='ocrx_word' id='word_1_278' title='bbox 506 2148 701 2218; x_wconf 81' lang='lat' dir='ltr'><strong>jucunditatem</strong></span> <span class='ocrx_word' id='word_1_279' title='bbox 717 2157 744 2203; x_wconf 87' lang='lat' dir='ltr'><strong>ot</strong></span> <span class='ocrx_word' id='word_1_280' title='bbox 767 2144 925 2200; x_wconf 78' lang='lat' dir='ltr'><strong>exsultatio-</strong></span> 
     </span>
     <span class='ocr_line' id='line_1_38' title="bbox 132 2236 923 2311; baseline -0.006 -15"><span class='ocrx_word' id='word_1_281' title='bbox 132 2258 193 2297; x_wconf 90' lang='lat' dir='ltr'><strong>uem</strong></span> <span class='ocrx_word' id='word_1_282' title='bbox 209 2241 304 2311; x_wconf 76' lang='lat' dir='ltr'><strong>liuguae</strong></span> <span class='ocrx_word' id='word_1_283' title='bbox 318 2240 439 2295; x_wconf 85' lang='lat' dir='ltr'><strong>obortam</strong></span> <span class='ocrx_word' id='word_1_284' title='bbox 455 2239 505 2295; x_wconf 92' lang='lat' dir='ltr'><strong>sibi</strong></span> <span class='ocrx_word' id='word_1_285' title='bbox 520 2253 579 2294; x_wconf 90' lang='lat' dir='ltr'><strong>esse</strong></span> <span class='ocrx_word' id='word_1_286' title='bbox 591 2248 713 2293; x_wconf 86' lang='lat' dir='ltr'><strong>testatur.</strong></span> <span class='ocrx_word' id='word_1_287' title='bbox 729 2236 837 2306; x_wconf 86' lang='lat' dir='ltr'><strong>ipsaest</strong></span> <span class='ocrx_word' id='word_1_288' title='bbox 852 2239 923 2293; x_wconf 86' lang='lat' dir='ltr'><strong>euim</strong></span> 
     </span>
     <span class='ocr_line' id='line_1_39' title="bbox 133 2330 926 2406; baseline -0.006 -18"><span class='ocrx_word' id='word_1_289' title='bbox 133 2337 254 2406; x_wconf 88' lang='lat' dir='ltr'><strong>perfecta</strong></span> <span class='ocrx_word' id='word_1_290' title='bbox 268 2333 372 2396; x_wconf 69' lang='lat' dir='ltr'><strong>letitia»,</strong></span> <span class='ocrx_word' id='word_1_291' title='bbox 388 2348 447 2403; x_wconf 69' lang='lat' dir='ltr'><strong>qanta</strong></span> <span class='ocrx_word' id='word_1_292' title='bbox 463 2347 490 2386; x_wconf 87' lang='lat' dir='ltr'><strong>et</strong></span> <span class='ocrx_word' id='word_1_293' title='bbox 515 2331 592 2387; x_wconf 84' lang='lat' dir='ltr'><strong>lriiari</strong></span> <span class='ocrx_word' id='word_1_294' title='bbox 612 2331 694 2388; x_wconf 89' lang='lat' dir='ltr'><strong>eorde</strong></span> <span class='ocrx_word' id='word_1_295' title='bbox 719 2330 882 2399; x_wconf 86' lang='lat' dir='ltr'><strong>coneipitur,</strong></span> <span class='ocrx_word' id='word_1_296' title='bbox 897 2340 926 2385; x_wconf 87' lang='lat' dir='ltr'><strong>et</strong></span> 
     </span>
     <span class='ocr_line' id='line_1_40' title="bbox 135 2423 924 2493; baseline -0.009 -10"><span class='ocrx_word' id='word_1_297' title='bbox 135 2430 218 2483; x_wconf 86' lang='lat' dir='ltr'><strong>alacri</strong></span> <span class='ocrx_word' id='word_1_298' title='bbox 232 2441 357 2482; x_wconf 89' lang='lat' dir='ltr'><strong>sermone</strong></span> <span class='ocrx_word' id='word_1_299' title='bbox 375 2427 519 2493; x_wconf 88' lang='lat' dir='ltr'><strong>prol&#39;ertur.</strong></span> <span class='ocrx_word' id='word_1_300' title='bbox 543 2425 608 2480; x_wconf 81' lang='lat' dir='ltr'><strong>Nasu</strong></span> <span class='ocrx_word' id='word_1_301' title='bbox 623 2425 692 2480; x_wconf 90' lang='lat' dir='ltr'><strong>sicut</strong></span> <span class='ocrx_word' id='word_1_302' title='bbox 705 2424 774 2478; x_wconf 81' lang='lat' dir='ltr'><strong>dixit</strong></span> <span class='ocrx_word' id='word_1_303' title='bbox 787 2423 821 2478; x_wconf 90' lang='lat' dir='ltr'><strong>de</strong></span> <span class='ocrx_word' id='word_1_304' title='bbox 835 2424 924 2487; x_wconf 82' lang='lat' dir='ltr'><strong>ruatis,</strong></span> 
     </span>
     <span class='ocr_line' id='line_1_41' title="bbox 133 2513 925 2588; baseline -0.008 -16"><span class='ocrx_word' id='word_1_305' title='bbox 133 2520 247 2588; x_wconf 83' lang='lat' dir='ltr'><strong>baseper.</strong></span> <span class='ocrx_word' id='word_1_306' title='bbox 262 2517 297 2571; x_wconf 86' lang='lat' dir='ltr'><strong>itt</strong></span> <span class='ocrx_word' id='word_1_307' title='bbox 327 2530 479 2572; x_wconf 81' lang='lat' dir='ltr'><strong>sermonem</strong></span> <span class='ocrx_word' id='word_1_308' title='bbox 496 2515 596 2586; x_wconf 87' lang='lat' dir='ltr'><strong>ipsum,</strong></span> <span class='ocrx_word' id='word_1_309' title='bbox 626 2525 653 2570; x_wconf 91' lang='lat' dir='ltr'><strong>et</strong></span> <span class='ocrx_word' id='word_1_310' title='bbox 669 2516 694 2570; x_wconf 93' lang='lat' dir='ltr'><strong>in</strong></span> <span class='ocrx_word' id='word_1_311' title='bbox 711 2517 788 2570; x_wconf 92' lang='lat' dir='ltr'><strong>bouis</strong></span> <span class='ocrx_word' id='word_1_312' title='bbox 809 2513 925 2576; x_wconf 81' lang='lat' dir='ltr'><strong>iteravit,</strong></span> 
     </span>
     <span class='ocr_line' id='line_1_42' title="bbox 133 2603 925 2672; baseline -0.006 -10"><span class='ocrx_word' id='word_1_313' title='bbox 133 2616 163 2662; x_wconf 92' lang='lat' dir='ltr'><strong>ut</strong></span> <span class='ocrx_word' id='word_1_314' title='bbox 176 2605 323 2662; x_wconf 82' lang='lat' dir='ltr'><strong>seeundum</strong></span> <span class='ocrx_word' id='word_1_315' title='bbox 345 2618 497 2659; x_wconf 83' lang='lat' dir='ltr'><strong>rnrensurarn</strong></span> <span class='ocrx_word' id='word_1_316' title='bbox 519 2603 700 2660; x_wconf 80' lang='lat' dir='ltr'><strong>molestiarum</strong></span> <span class='ocrx_word' id='word_1_317' title='bbox 717 2604 869 2660; x_wconf 84' lang='lat' dir='ltr'><strong>humanitas</strong></span> <span class='ocrx_word' id='word_1_318' title='bbox 884 2605 925 2672; x_wconf 87' lang='lat' dir='ltr'><strong>ip—</strong></span> 
     </span>
     <span class='ocr_line' id='line_1_43' title="bbox 133 2697 925 2768; baseline -0.003 -13"><span class='ocrx_word' id='word_1_319' title='bbox 133 2700 190 2755; x_wconf 86' lang='lat' dir='ltr'><strong>sius</strong></span> <span class='ocrx_word' id='word_1_320' title='bbox 216 2698 338 2755; x_wconf 71' lang='lat' dir='ltr'><strong>caelestia</strong></span> <span class='ocrx_word' id='word_1_321' title='bbox 364 2697 460 2768; x_wconf 86' lang='lat' dir='ltr'><strong>gaudia</strong></span> <span class='ocrx_word' id='word_1_322' title='bbox 487 2697 622 2766; x_wconf 83' lang='lat' dir='ltr'><strong>recepisse</strong></span> <span class='ocrx_word' id='word_1_323' title='bbox 643 2697 811 2753; x_wconf 85' lang='lat' dir='ltr'><strong>crederetur.</strong></span> <span class='ocrx_word' id='word_1_324' title='bbox 838 2698 925 2767; x_wconf 86' lang='lat' dir='ltr'><strong>Supra</strong></span> 
     </span>
     <span class='ocr_line' id='line_1_44' title="bbox 134 2788 927 2859; baseline -0.001 -12"><span class='ocrx_word' id='word_1_325' title='bbox 134 2790 439 2859; x_wconf 58' lang='lat' dir='ltr'><strong>essrsltatiortesauippe</strong></span> <span class='ocrx_word' id='word_1_326' title='bbox 464 2804 527 2844; x_wconf 88' lang='lat' dir='ltr'><strong>suas</strong></span> <span class='ocrx_word' id='word_1_327' title='bbox 541 2788 593 2845; x_wconf 89' lang='lat' dir='ltr'><strong>sibi</strong></span> <span class='ocrx_word' id='word_1_328' title='bbox 607 2790 695 2845; x_wconf 82' lang='lat' dir='ltr'><strong>aditae</strong></span> <span class='ocrx_word' id='word_1_329' title='bbox 717 2789 783 2844; x_wconf 91' lang='lat' dir='ltr'><strong>dicit</strong></span> <span class='ocrx_word' id='word_1_330' title='bbox 807 2791 927 2846; x_wconf 82' lang='lat' dir='ltr'><strong>arcuisse</strong></span> 
     </span>
     <span class='ocr_line' id='line_1_45' title="bbox 134 2880 925 2950; baseline -0.005 -13"><span class='ocrx_word' id='word_1_331' title='bbox 134 2881 273 2947; x_wconf 66' lang='lat' dir='ltr'><strong>bernium</strong></span> <span class='ocrx_word' id='word_1_332' title='bbox 289 2896 325 2950; x_wconf 82' lang='lat' dir='ltr'><strong>au</strong></span> <span class='ocrx_word' id='word_1_333' title='bbox 344 2882 434 2935; x_wconf 83' lang='lat' dir='ltr'><strong>deero</strong></span> <span class='ocrx_word' id='word_1_334' title='bbox 449 2881 457 2935; x_wconf 94' lang='lat' dir='ltr'><strong>i</strong></span> <span class='ocrx_word' id='word_1_335' title='bbox 470 2881 494 2935; x_wconf 89' lang='lat' dir='ltr'><strong>la</strong></span> <span class='ocrx_word' id='word_1_336' title='bbox 516 2880 662 2949; x_wconf 87' lang='lat' dir='ltr'><strong>passibilis,</strong></span> <span class='ocrx_word' id='word_1_337' title='bbox 677 2895 756 2950; x_wconf 78' lang='lat' dir='ltr'><strong>piretu</strong></span> <span class='ocrx_word' id='word_1_338' title='bbox 773 2893 925 2950; x_wconf 78' lang='lat' dir='ltr'><strong>pronastro</strong></span> 
     </span>
     <span class='ocr_line' id='line_1_46' title="bbox 134 2972 923 3043; baseline -0.004 -15"><span class='ocrx_word' id='word_1_339' title='bbox 134 2973 255 3029; x_wconf 70' lang='lat' dir='ltr'><strong>retinniunt</strong></span> <span class='ocrx_word' id='word_1_340' title='bbox 269 2978 354 3028; x_wconf 88' lang='lat' dir='ltr'><strong>salute</strong></span> <span class='ocrx_word' id='word_1_341' title='bbox 379 2973 508 3043; x_wconf 85' lang='lat' dir='ltr'><strong>suscepit,</strong></span> <span class='ocrx_word' id='word_1_342' title='bbox 531 2973 673 3028; x_wconf 88' lang='lat' dir='ltr'><strong>veritatem</strong></span> <span class='ocrx_word' id='word_1_343' title='bbox 690 2972 814 3038; x_wconf 81' lang='lat' dir='ltr'><strong>gloriosae</strong></span> <span class='ocrx_word' id='word_1_344' title='bbox 834 2986 923 3027; x_wconf 92' lang='lat' dir='ltr'><strong>resur·</strong></span> 
     </span>
     <span class='ocr_line' id='line_1_47' title="bbox 135 3062 926 3133; baseline -0.009 -12"><span class='ocrx_word' id='word_1_345' title='bbox 135 3066 261 3121; x_wconf 86' lang='lat' dir='ltr'><strong>rectionis</strong></span> <span class='ocrx_word' id='word_1_346' title='bbox 276 3066 429 3131; x_wconf 78' lang='lat' dir='ltr'><strong>itrcrirrupta</strong></span> <span class='ocrx_word' id='word_1_347' title='bbox 457 3066 614 3132; x_wconf 89' lang='lat' dir='ltr'><strong>promeruit.</strong></span> <span class='ocrx_word' id='word_1_348' title='bbox 640 3063 706 3129; x_wconf 79' lang='lat' dir='ltr'><strong>Quae</strong></span> <span class='ocrx_word' id='word_1_349' title='bbox 728 3063 810 3133; x_wconf 86' lang='lat' dir='ltr'><strong>flgttra</strong></span> <span class='ocrx_word' id='word_1_350' title='bbox 830 3062 926 3116; x_wconf 72' lang='lat' dir='ltr'><strong>dicitnr</strong></span> 
     </span>
    </p>
   </div>
   <div class='ocr_carea' id='block_1_9' title="bbox 134 3152 962 3222">
    <p class='ocr_par' dir='ltr' id='par_1_10' title="bbox 134 3152 962 3222">
     <span class='ocr_line' id='line_1_48' title="bbox 134 3152 962 3222; baseline 0 -15"><span class='ocrx_word' id='word_1_351' title='bbox 134 3155 277 3222; x_wconf 80' lang='lat' dir='ltr'><strong>aetiologia,</strong></span> <span class='ocrx_word' id='word_1_352' title='bbox 305 3154 330 3208; x_wconf 93' lang='lat' dir='ltr'><strong>id</strong></span> <span class='ocrx_word' id='word_1_353' title='bbox 344 3163 387 3208; x_wconf 86' lang='lat' dir='ltr'><strong>est</strong></span> <span class='ocrx_word' id='word_1_354' title='bbox 400 3167 489 3208; x_wconf 82' lang='lat' dir='ltr'><strong>eausm</strong></span> <span class='ocrx_word' id='word_1_355' title='bbox 505 3153 631 3217; x_wconf 85' lang='lat' dir='ltr'><strong>redditio,</strong></span> <span class='ocrx_word' id='word_1_356' title='bbox 655 3153 760 3222; x_wconf 78' lang='lat' dir='ltr'><strong>quoties</strong></span> <span class='ocrx_word' id='word_1_357' title='bbox 777 3154 923 3222; x_wconf 76' lang='lat' dir='ltr'><strong>praeniissa</strong></span> <span class='ocrx_word' id='word_1_358' title='bbox 939 3152 962 3214; x_wconf 82' lang='lat' dir='ltr'>C</span> 
     </span>
    </p>
   </div>
   <div class='ocr_carea' id='block_1_10' title="bbox 135 3243 929 4966">
    <p class='ocr_par' dir='ltr' id='par_1_11' title="bbox 136 3243 568 3312">
     <span class='ocr_line' id='line_1_49' title="bbox 136 3243 568 3312; baseline -0.002 -15"><span class='ocrx_word' id='word_1_359' title='bbox 136 3245 174 3298; x_wconf 84' lang='lat' dir='ltr'><strong>rei</strong></span> <span class='ocrx_word' id='word_1_360' title='bbox 191 3247 260 3297; x_wconf 89' lang='lat' dir='ltr'><strong>ratio</strong></span> <span class='ocrx_word' id='word_1_361' title='bbox 274 3243 373 3298; x_wconf 90' lang='lat' dir='ltr'><strong>decora</strong></span> <span class='ocrx_word' id='word_1_362' title='bbox 386 3243 568 3312; x_wconf 73' lang='lat' dir='ltr'><strong>subjungitur.</strong></span> 
     </span>
    </p>

    <p class='ocr_par' dir='ltr' id='par_1_12' title="bbox 135 3332 929 4966">
     <span class='ocr_line' id='line_1_50' title="bbox 172 3332 926 3405; baseline 0.004 -18"><span class='ocrx_word' id='word_1_363' title='bbox 172 3334 249 3389; x_wconf 82' lang='lat' dir='ltr'><strong>i&#39;ers.</strong></span> <span class='ocrx_word' id='word_1_364' title='bbox 266 3335 310 3391; x_wconf 91' lang='lat' dir='ltr'><strong>ll.</strong></span> <span class='ocrx_word' id='word_1_365' title='bbox 326 3334 454 3402; x_wconf 82' lang='lat' dir='ltr'><strong>Quoniam</strong></span> <span class='ocrx_word' id='word_1_366' title='bbox 475 3351 526 3387; x_wconf 87' lang='lat' dir='ltr'><strong>non</strong></span> <span class='ocrx_word' id='word_1_367' title='bbox 548 3332 707 3405; x_wconf 76' lang='lat' dir='ltr'><strong>derelinques</strong></span> <span class='ocrx_word' id='word_1_368' title='bbox 722 3335 832 3389; x_wconf 88' lang='lat' dir='ltr'><strong>animem</strong></span> <span class='ocrx_word' id='word_1_369' title='bbox 844 3352 926 3390; x_wconf 77' lang='lat' dir='ltr'><strong>nterim</strong></span> 
     </span>
     <span class='ocr_line' id='line_1_51' title="bbox 135 3425 927 3498; baseline 0.001 -17"><span class='ocrx_word' id='word_1_370' title='bbox 135 3427 162 3481; x_wconf 94' lang='lat' dir='ltr'><strong>in</strong></span> <span class='ocrx_word' id='word_1_371' title='bbox 176 3426 288 3497; x_wconf 65' lang='lat' dir='ltr'><strong>inriorem,</strong></span> <span class='ocrx_word' id='word_1_372' title='bbox 298 3440 346 3487; x_wconf 84' lang='lat' dir='ltr'><strong>nea</strong></span> <span class='ocrx_word' id='word_1_373' title='bbox 360 3425 434 3480; x_wconf 85' lang='lat' dir='ltr'><strong>dabis</strong></span> <span class='ocrx_word' id='word_1_374' title='bbox 455 3436 573 3479; x_wconf 77' lang='lat' dir='ltr'><strong>narratum</strong></span> <span class='ocrx_word' id='word_1_375' title='bbox 597 3437 668 3479; x_wconf 89' lang='lat' dir='ltr'><strong>tuum</strong></span> <span class='ocrx_word' id='word_1_376' title='bbox 684 3427 768 3481; x_wconf 79' lang='lat' dir='ltr'><strong>uidere</strong></span> <span class='ocrx_word' id='word_1_377' title='bbox 782 3431 927 3498; x_wconf 82' lang='lat' dir='ltr'><strong>corruptiu-</strong></span> 
     </span>
     <span class='ocr_line' id='line_1_52' title="bbox 135 3517 924 3589; baseline 0.006 -19"><span class='ocrx_word' id='word_1_378' title='bbox 135 3535 203 3571; x_wconf 84' lang='lat' dir='ltr'><strong>nem.</strong></span> <span class='ocrx_word' id='word_1_379' title='bbox 219 3517 270 3574; x_wconf 84' lang='lat' dir='ltr'><strong>tibi</strong></span> <span class='ocrx_word' id='word_1_380' title='bbox 295 3527 358 3572; x_wconf 86' lang='lat' dir='ltr'><strong>sunt</strong></span> <span class='ocrx_word' id='word_1_381' title='bbox 379 3517 579 3586; x_wconf 75' lang='lat' dir='ltr'><strong>Apollinarietce</strong></span> <span class='ocrx_word' id='word_1_382' title='bbox 602 3517 732 3574; x_wconf 86' lang='lat' dir='ltr'><strong>fallaciter</strong></span> <span class='ocrx_word' id='word_1_383' title='bbox 759 3521 924 3589; x_wconf 75' lang='lat' dir='ltr'><strong>opinantes.</strong></span> 
     </span>
     <span class='ocr_line' id='line_1_53' title="bbox 135 3609 925 3678; baseline 0.004 -16"><span class='ocrx_word' id='word_1_384' title='bbox 135 3609 285 3678; x_wconf 80' lang='lat' dir='ltr'><strong>tpuidicunt</strong></span> <span class='ocrx_word' id='word_1_385' title='bbox 312 3610 452 3663; x_wconf 85' lang='lat' dir='ltr'><strong>llotninum</strong></span> <span class='ocrx_word' id='word_1_386' title='bbox 475 3610 611 3665; x_wconf 73' lang='lat' dir='ltr'><strong>cimorum</strong></span> <span class='ocrx_word' id='word_1_387' title='bbox 625 3611 741 3664; x_wconf 83' lang='lat' dir='ltr'><strong>animatu</strong></span> <span class='ocrx_word' id='word_1_388' title='bbox 768 3609 925 3665; x_wconf 77' lang='lat' dir='ltr'><strong>rationalem</strong></span> 
     </span>
     <span class='ocr_line' id='line_1_54' title="bbox 136 3700 927 3773; baseline 0.004 -19"><span class='ocrx_word' id='word_1_389' title='bbox 136 3717 189 3757; x_wconf 65' lang='lat' dir='ltr'><strong>niun</strong></span> <span class='ocrx_word' id='word_1_390' title='bbox 209 3700 351 3756; x_wconf 84' lang='lat' dir='ltr'><strong>ltabuissel</strong></span> <span class='ocrx_word' id='word_1_391' title='bbox 368 3702 438 3757; x_wconf 83' lang='lat' dir='ltr'><strong>Eece</strong></span> <span class='ocrx_word' id='word_1_392' title='bbox 462 3704 518 3769; x_wconf 87' lang='lat' dir='ltr'><strong>ipse</strong></span> <span class='ocrx_word' id='word_1_393' title='bbox 540 3702 651 3767; x_wconf 83' lang='lat' dir='ltr'><strong>claritat,</strong></span> <span class='ocrx_word' id='word_1_394' title='bbox 665 3703 723 3770; x_wconf 84' lang='lat' dir='ltr'><strong>ipse</strong></span> <span class='ocrx_word' id='word_1_395' title='bbox 739 3701 812 3757; x_wconf 86' lang='lat' dir='ltr'><strong>Patri</strong></span> <span class='ocrx_word' id='word_1_396' title='bbox 827 3703 927 3773; x_wconf 85' lang='lat' dir='ltr'><strong>gratias</strong></span> 
     </span>
     <span class='ocr_line' id='line_1_55' title="bbox 135 3790 927 3860; baseline -0.001 -14"><span class='ocrx_word' id='word_1_397' title='bbox 135 3790 276 3860; x_wconf 70' lang='lat' dir='ltr'><strong>agitauit</strong></span> <span class='ocrx_word' id='word_1_398' title='bbox 293 3791 350 3860; x_wconf 83' lang='lat' dir='ltr'><strong>ejus</strong></span> <span class='ocrx_word' id='word_1_399' title='bbox 364 3806 451 3845; x_wconf 85' lang='lat' dir='ltr'><strong>arntrnu</strong></span> <span class='ocrx_word' id='word_1_400' title='bbox 469 3808 520 3844; x_wconf 89' lang='lat' dir='ltr'><strong>mm</strong></span> <span class='ocrx_word' id='word_1_401' title='bbox 544 3793 578 3845; x_wconf 92' lang='lat' dir='ltr'><strong>sit</strong></span> <span class='ocrx_word' id='word_1_402' title='bbox 599 3806 674 3846; x_wconf 87' lang='lat' dir='ltr'><strong>uvore</strong></span> <span class='ocrx_word' id='word_1_403' title='bbox 693 3794 828 3847; x_wconf 88' lang='lat' dir='ltr'><strong>communi</strong></span> <span class='ocrx_word' id='word_1_404' title='bbox 845 3793 872 3848; x_wconf 93' lang='lat' dir='ltr'><strong>itt</strong></span> <span class='ocrx_word' id='word_1_405' title='bbox 887 3795 927 3847; x_wconf 91' lang='lat' dir='ltr'><strong>iu-</strong></span> 
     </span>
     <span class='ocr_line' id='line_1_56' title="bbox 137 3883 924 3953; baseline 0.005 -16"><span class='ocrx_word' id='word_1_406' title='bbox 137 3888 212 3938; x_wconf 89' lang='lat' dir='ltr'><strong>terna</strong></span> <span class='ocrx_word' id='word_1_407' title='bbox 223 3883 368 3945; x_wconf 77' lang='lat' dir='ltr'><strong>derelicta:</strong></span> <span class='ocrx_word' id='word_1_408' title='bbox 385 3884 432 3938; x_wconf 87' lang='lat' dir='ltr'><strong>sed</strong></span> <span class='ocrx_word' id='word_1_409' title='bbox 446 3885 528 3938; x_wconf 83' lang='lat' dir='ltr'><strong>celari</strong></span> <span class='ocrx_word' id='word_1_410' title='bbox 552 3887 752 3940; x_wconf 88' lang='lat' dir='ltr'><strong>resurreetione</strong></span> <span class='ocrx_word' id='word_1_411' title='bbox 766 3886 924 3953; x_wconf 83' lang='lat' dir='ltr'><strong>clarificata,</strong></span> 
     </span>
     <span class='ocr_line' id='line_1_57' title="bbox 136 3973 926 4046; baseline 0.009 -21"><span class='ocrx_word' id='word_1_412' title='bbox 136 3975 168 4027; x_wconf 87' lang='lat' dir='ltr'><strong>ad</strong></span> <span class='ocrx_word' id='word_1_413' title='bbox 182 3975 312 4032; x_wconf 75' lang='lat' dir='ltr'><strong>rotonum</strong></span> <span class='ocrx_word' id='word_1_414' title='bbox 339 3990 420 4044; x_wconf 85' lang='lat' dir='ltr'><strong>regnu</strong></span> <span class='ocrx_word' id='word_1_415' title='bbox 445 3973 617 4044; x_wconf 88' lang='lat' dir='ltr'><strong>pervenerit;</strong></span> <span class='ocrx_word' id='word_1_416' title='bbox 648 3976 717 4029; x_wconf 87' lang='lat' dir='ltr'><strong>sicut</strong></span> <span class='ocrx_word' id='word_1_417' title='bbox 732 3978 759 4029; x_wconf 92' lang='lat' dir='ltr'><strong>in</strong></span> <span class='ocrx_word' id='word_1_418' title='bbox 780 3976 926 4046; x_wconf 84' lang='lat' dir='ltr'><strong>Evangelio</strong></span> 
     </span>
     <span class='ocr_line' id='line_1_58' title="bbox 136 4066 927 4134; baseline 0.006 -15"><span class='ocrx_word' id='word_1_419' title='bbox 136 4066 299 4120; x_wconf 71' lang='lat' dir='ltr'><strong>creberrima</strong></span> <span class='ocrx_word' id='word_1_420' title='bbox 325 4066 493 4134; x_wconf 76' lang='lat' dir='ltr'><strong>professione</strong></span> <span class='ocrx_word' id='word_1_421' title='bbox 518 4076 632 4121; x_wconf 88' lang='lat' dir='ltr'><strong>testatur</strong></span> <span class='ocrx_word' id='word_1_422' title='bbox 647 4085 655 4121; x_wconf 91' lang='lat'><strong>:</strong></span> <span class='ocrx_word' id='word_1_423' title='bbox 671 4067 762 4124; x_wconf 80' lang='lat' dir='ltr'><strong>Tristis</strong></span> <span class='ocrx_word' id='word_1_424' title='bbox 790 4079 826 4124; x_wconf 83' lang='lat' dir='ltr'><strong>est</strong></span> <span class='ocrx_word' id='word_1_425' title='bbox 840 4070 927 4125; x_wconf 87' lang='lat' dir='ltr'><strong>anima</strong></span> 
     </span>
     <span class='ocr_line' id='line_1_59' title="bbox 136 4157 926 4230; baseline 0.011 -22"><span class='ocrx_word' id='word_1_426' title='bbox 136 4173 191 4211; x_wconf 81' lang='lat' dir='ltr'><strong>urea</strong></span> <span class='ocrx_word' id='word_1_427' title='bbox 204 4174 282 4227; x_wconf 81' lang='lat' dir='ltr'><strong>troque</strong></span> <span class='ocrx_word' id='word_1_428' title='bbox 308 4159 342 4210; x_wconf 86' lang='lat' dir='ltr'><strong>ad</strong></span> <span class='ocrx_word' id='word_1_429' title='bbox 369 4168 477 4211; x_wconf 82' lang='lat' dir='ltr'><strong>retortam</strong></span> <span class='ocrx_word' id='word_1_430' title='bbox 496 4157 604 4225; x_wconf 78' lang='lat' dir='ltr'><strong>filattlt.</strong></span> <span class='ocrx_word' id='word_1_431' title='bbox 621 4174 697 4225; x_wconf 78' lang='lat' dir='ltr'><strong>stit,</strong></span> <span class='ocrx_word' id='word_1_432' title='bbox 713 4158 771 4230; x_wconf 75' lang='lat'><strong>58).</strong></span> <span class='ocrx_word' id='word_1_433' title='bbox 789 4161 821 4216; x_wconf 81' lang='lat' dir='ltr'><strong>Et</strong></span> <span class='ocrx_word' id='word_1_434' title='bbox 835 4162 899 4216; x_wconf 81' lang='lat' dir='ltr'><strong>stibi</strong></span> <span class='ocrx_word' id='word_1_435' title='bbox 918 4179 926 4217; x_wconf 91' lang='lat'>:</span> 
     </span>
     <span class='ocr_line' id='line_1_60' title="bbox 138 4250 928 4321; baseline 0.008 -19"><span class='ocrx_word' id='word_1_436' title='bbox 138 4251 291 4305; x_wconf 81' lang='lat' dir='ltr'><strong>Putestatenr</strong></span> <span class='ocrx_word' id='word_1_437' title='bbox 305 4251 383 4306; x_wconf 85' lang='lat' dir='ltr'><strong>babeo</strong></span> <span class='ocrx_word' id='word_1_438' title='bbox 398 4250 509 4318; x_wconf 85' lang='lat' dir='ltr'><strong>ponendi</strong></span> <span class='ocrx_word' id='word_1_439' title='bbox 517 4253 629 4305; x_wconf 79' lang='lat' dir='ltr'><strong>enititum</strong></span> <span class='ocrx_word' id='word_1_440' title='bbox 642 4269 735 4321; x_wconf 87' lang='lat' dir='ltr'><strong>meam,</strong></span> <span class='ocrx_word' id='word_1_441' title='bbox 748 4266 770 4308; x_wconf 91' lang='lat' dir='ltr'><strong>et</strong></span> <span class='ocrx_word' id='word_1_442' title='bbox 781 4254 873 4309; x_wconf 83' lang='lat' dir='ltr'><strong>iterem</strong></span> <span class='ocrx_word' id='word_1_443' title='bbox 884 4271 928 4308; x_wconf 86' lang='lat' dir='ltr'><strong>se·</strong></span> 
     </span>
     <span class='ocr_line' id='line_1_61' title="bbox 137 4340 929 4411; baseline 0.009 -18"><span class='ocrx_word' id='word_1_444' title='bbox 137 4341 222 4395; x_wconf 84' lang='lat' dir='ltr'><strong>ruendi</strong></span> <span class='ocrx_word' id='word_1_445' title='bbox 242 4356 298 4394; x_wconf 87' lang='lat' dir='ltr'><strong>eam</strong></span> <span class='ocrx_word' id='word_1_446' title='bbox 327 4340 417 4410; x_wconf 80' lang='lat' dir='ltr'><strong>(foen.</strong></span> <span class='ocrx_word' id='word_1_447' title='bbox 432 4358 458 4406; x_wconf 80' lang='lat' dir='ltr'><strong>x,</strong></span> <span class='ocrx_word' id='word_1_448' title='bbox 477 4343 532 4411; x_wconf 74' lang='lat' dir='ltr'><strong>ill).</strong></span> <span class='ocrx_word' id='word_1_449' title='bbox 562 4342 616 4399; x_wconf 80' lang='lat' dir='ltr'><strong>Nee</strong></span> <span class='ocrx_word' id='word_1_450' title='bbox 631 4345 704 4399; x_wconf 79' lang='lat' dir='ltr'><strong>dadis</strong></span> <span class='ocrx_word' id='word_1_451' title='bbox 725 4356 841 4400; x_wconf 90' lang='lat' dir='ltr'><strong>sanetum</strong></span> <span class='ocrx_word' id='word_1_452' title='bbox 856 4356 929 4400; x_wconf 90' lang='lat' dir='ltr'><strong>tuum</strong></span> 
     </span>
     <span class='ocr_line' id='line_1_62' title="bbox 137 4431 927 4504; baseline 0.009 -20"><span class='ocrx_word' id='word_1_453' title='bbox 137 4433 221 4484; x_wconf 85' lang='lat' dir='ltr'><strong>uidere</strong></span> <span class='ocrx_word' id='word_1_454' title='bbox 233 4432 432 4499; x_wconf 79' lang='lat' dir='ltr'><strong>eamuptiunem.</strong></span> <span class='ocrx_word' id='word_1_455' title='bbox 448 4431 504 4489; x_wconf 88' lang='lat' dir='ltr'><strong>lloc</strong></span> <span class='ocrx_word' id='word_1_456' title='bbox 515 4449 568 4490; x_wconf 92' lang='lat' dir='ltr'><strong>uon</strong></span> <span class='ocrx_word' id='word_1_457' title='bbox 583 4433 661 4490; x_wconf 87' lang='lat' dir='ltr'><strong>facile</strong></span> <span class='ocrx_word' id='word_1_458' title='bbox 669 4435 774 4504; x_wconf 82' lang='lat' dir='ltr'><strong>judices</strong></span> <span class='ocrx_word' id='word_1_459' title='bbox 786 4446 927 4493; x_wconf 79' lang='lat' dir='ltr'><strong>transeun-</strong></span> 
     </span>
     <span class='ocr_line' id='line_1_63' title="bbox 137 4523 767 4596; baseline 0.01 -21"><span class='ocrx_word' id='word_1_460' title='bbox 137 4524 216 4588; x_wconf 91' lang='lat' dir='ltr'><strong>dmn;</strong></span> <span class='ocrx_word' id='word_1_461' title='bbox 233 4535 293 4576; x_wconf 86' lang='lat' dir='ltr'><strong>nara</strong></span> <span class='ocrx_word' id='word_1_462' title='bbox 305 4537 365 4576; x_wconf 91' lang='lat' dir='ltr'><strong>cum</strong></span> <span class='ocrx_word' id='word_1_463' title='bbox 382 4524 408 4576; x_wconf 93' lang='lat' dir='ltr'><strong>in</strong></span> <span class='ocrx_word' id='word_1_464' title='bbox 423 4523 556 4593; x_wconf 82' lang='lat' dir='ltr'><strong>vigesimo</strong></span> <span class='ocrx_word' id='word_1_465' title='bbox 572 4541 643 4580; x_wconf 91' lang='lat' dir='ltr'><strong>nono</strong></span> <span class='ocrx_word' id='word_1_466' title='bbox 662 4527 767 4596; x_wconf 87' lang='lat' dir='ltr'><strong>psafnso</strong></span> 
     </span>
     <span class='ocr_line' id='line_1_64' title="bbox 139 4613 927 4686; baseline 0.013 -20"><span class='ocrx_word' id='word_1_467' title='bbox 139 4613 204 4679; x_wconf 78' lang='lat' dir='ltr'><strong>Qum</strong></span> <span class='ocrx_word' id='word_1_468' title='bbox 214 4614 311 4670; x_wconf 79' lang='lat' dir='ltr'><strong>utilitas</strong></span> <span class='ocrx_word' id='word_1_469' title='bbox 324 4615 350 4669; x_wconf 92' lang='lat' dir='ltr'><strong>in</strong></span> <span class='ocrx_word' id='word_1_470' title='bbox 362 4618 486 4686; x_wconf 82' lang='lat' dir='ltr'><strong>rartguine</strong></span> <span class='ocrx_word' id='word_1_471' title='bbox 500 4634 566 4681; x_wconf 86' lang='lat' dir='ltr'><strong>meo,</strong></span> <span class='ocrx_word' id='word_1_472' title='bbox 583 4619 643 4672; x_wconf 86' lang='lat' dir='ltr'><strong>dum</strong></span> <span class='ocrx_word' id='word_1_473' title='bbox 654 4620 779 4674; x_wconf 85' lang='lat' dir='ltr'><strong>descendo</strong></span> <span class='ocrx_word' id='word_1_474' title='bbox 799 4621 825 4675; x_wconf 92' lang='lat' dir='ltr'><strong>in</strong></span> <span class='ocrx_word' id='word_1_475' title='bbox 839 4637 927 4677; x_wconf 86' lang='lat' dir='ltr'><strong>eorru-</strong></span> 
     </span>
     <span class='ocr_line' id='line_1_65' title="bbox 138 4703 928 4780; baseline 0.02 -25"><span class='ocrx_word' id='word_1_476' title='bbox 138 4706 250 4774; x_wconf 77' lang='lat' dir='ltr'><strong>ptianem</strong></span> <span class='ocrx_word' id='word_1_477' title='bbox 270 4703 357 4776; x_wconf 79' lang='lat' dir='ltr'><strong>(Psoi.</strong></span> <span class='ocrx_word' id='word_1_478' title='bbox 382 4723 457 4772; x_wconf 80' lang='lat' dir='ltr'><strong>aaut,</strong></span> <span class='ocrx_word' id='word_1_479' title='bbox 482 4709 546 4780; x_wconf 77' lang='lat' dir='ltr'><strong>lbpi</strong></span> <span class='ocrx_word' id='word_1_480' title='bbox 565 4709 636 4764; x_wconf 88' lang='lat' dir='ltr'><strong>istud</strong></span> <span class='ocrx_word' id='word_1_481' title='bbox 652 4713 728 4780; x_wconf 85' lang='lat' dir='ltr'><strong>quasi</strong></span> <span class='ocrx_word' id='word_1_482' title='bbox 752 4713 928 4771; x_wconf 74' lang='lat' dir='ltr'><strong>videturesse</strong></span> 
     </span>
     <span class='ocr_line' id='line_1_66' title="bbox 138 4796 929 4863; baseline 0.015 -14"><span class='ocrx_word' id='word_1_483' title='bbox 138 4796 310 4852; x_wconf 55' lang='lat' dir='ltr'><strong>«seriberiam.</strong></span> <span class='ocrx_word' id='word_1_484' title='bbox 325 4796 400 4863; x_wconf 85' lang='lat' dir='ltr'><strong>Quod</strong></span> <span class='ocrx_word' id='word_1_485' title='bbox 415 4800 458 4853; x_wconf 87' lang='lat' dir='ltr'><strong>tali</strong></span> <span class='ocrx_word' id='word_1_486' title='bbox 474 4801 760 4858; x_wconf 87' lang='lat' dir='ltr'><strong>rationedissulritur:</strong></span> <span class='ocrx_word' id='word_1_487' title='bbox 774 4804 808 4859; x_wconf 89' lang='lat' dir='ltr'><strong>ibi</strong></span> <span class='ocrx_word' id='word_1_488' title='bbox 823 4805 929 4861; x_wconf 90' lang='lat' dir='ltr'><strong>sedicit</strong></span> 
     </span>
     <span class='ocr_line' id='line_1_67' title="bbox 138 4887 928 4966; baseline 0.02 -28"><span class='ocrx_word' id='word_1_489' title='bbox 138 4887 303 4946; x_wconf 87' lang='lat' dir='ltr'><strong>descendero</strong></span> <span class='ocrx_word' id='word_1_490' title='bbox 313 4888 340 4941; x_wconf 92' lang='lat' dir='ltr'><strong>in</strong></span> <span class='ocrx_word' id='word_1_491' title='bbox 355 4892 567 4958; x_wconf 84' lang='lat' dir='ltr'><strong>corruptionem,</strong></span> <span class='ocrx_word' id='word_1_492' title='bbox 579 4907 640 4948; x_wconf 91' lang='lat' dir='ltr'><strong>eum</strong></span> <span class='ocrx_word' id='word_1_493' title='bbox 656 4895 821 4966; x_wconf 74' lang='lat' dir='ltr'><strong>eligentium</strong></span> <span class='ocrx_word' id='word_1_494' title='bbox 835 4897 928 4953; x_wconf 86' lang='lat' dir='ltr'><strong>clavo·</strong></span> 
     </span>
    </p>
   </div>
   <div class='ocr_carea' id='block_1_11' title="bbox 975 1858 1769 3119">
    <p class='ocr_par' dir='ltr' id='par_1_13' title="bbox 975 1858 1769 3119">
     <span class='ocr_line' id='line_1_68' title="bbox 976 1858 1767 1930; baseline -0.003 -15"><span class='ocrx_word' id='word_1_495' title='bbox 976 1861 1029 1915; x_wconf 70' lang='lat' dir='ltr'><strong>isto</strong></span> <span class='ocrx_word' id='word_1_496' title='bbox 1044 1860 1142 1930; x_wconf 75' lang='lat' dir='ltr'><strong>quippe</strong></span> <span class='ocrx_word' id='word_1_497' title='bbox 1157 1859 1267 1924; x_wconf 76' lang='lat' dir='ltr'><strong>seculo,</strong></span> <span class='ocrx_word' id='word_1_498' title='bbox 1284 1858 1328 1912; x_wconf 93' lang='lat' dir='ltr'><strong>ubi</strong></span> <span class='ocrx_word' id='word_1_499' title='bbox 1340 1874 1421 1913; x_wconf 88' lang='lat' dir='ltr'><strong>carne</strong></span> <span class='ocrx_word' id='word_1_500' title='bbox 1435 1868 1570 1927; x_wconf 87' lang='lat' dir='ltr'><strong>suscepta,</strong></span> <span class='ocrx_word' id='word_1_501' title='bbox 1585 1858 1689 1927; x_wconf 86' lang='lat' dir='ltr'><strong>flagella</strong></span> <span class='ocrx_word' id='word_1_502' title='bbox 1705 1875 1767 1928; x_wconf 86' lang='lat' dir='ltr'><strong>pas·</strong></span> 
     </span>
     <span class='ocr_line' id='line_1_69' title="bbox 976 1952 1768 2023; baseline -0.004 -15"><span class='ocrx_word' id='word_1_503' title='bbox 976 1969 1032 2018; x_wconf 91' lang='lat' dir='ltr'><strong>sus,</strong></span> <span class='ocrx_word' id='word_1_504' title='bbox 1049 1952 1133 2023; x_wconf 81' lang='lat' dir='ltr'><strong>alapis</strong></span> <span class='ocrx_word' id='word_1_505' title='bbox 1149 1966 1246 2020; x_wconf 78' lang='lat' dir='ltr'><strong>cesus,</strong></span> <span class='ocrx_word' id='word_1_506' title='bbox 1261 1952 1402 2021; x_wconf 82' lang='lat' dir='ltr'><strong>spinisque</strong></span> <span class='ocrx_word' id='word_1_507' title='bbox 1415 1952 1569 2017; x_wconf 87' lang='lat' dir='ltr'><strong>complutus</strong></span> <span class='ocrx_word' id='word_1_508' title='bbox 1581 1961 1633 2018; x_wconf 88' lang='lat' dir='ltr'><strong>est,</strong></span> <span class='ocrx_word' id='word_1_509' title='bbox 1650 1966 1712 2006; x_wconf 90' lang='lat' dir='ltr'><strong>curn</strong></span> <span class='ocrx_word' id='word_1_510' title='bbox 1727 1961 1768 2006; x_wconf 90' lang='lat' dir='ltr'><strong>ta·</strong></span> 
     </span>
     <span class='ocr_line' id='line_1_70' title="bbox 976 2042 1768 2115; baseline -0.004 -14"><span class='ocrx_word' id='word_1_511' title='bbox 976 2062 1036 2101; x_wconf 91' lang='lat' dir='ltr'><strong>men</strong></span> <span class='ocrx_word' id='word_1_512' title='bbox 1049 2045 1129 2100; x_wconf 89' lang='lat' dir='ltr'><strong>nullis</strong></span> <span class='ocrx_word' id='word_1_513' title='bbox 1150 2043 1211 2115; x_wconf 84' lang='lat' dir='ltr'><strong>ejus</strong></span> <span class='ocrx_word' id='word_1_514' title='bbox 1235 2043 1442 2100; x_wconf 74' lang='lat' dir='ltr'><strong>adversitatibus</strong></span> <span class='ocrx_word' id='word_1_515' title='bbox 1468 2042 1630 2109; x_wconf 87' lang='lat' dir='ltr'><strong>riuceretur,</strong></span> <span class='ocrx_word' id='word_1_516' title='bbox 1649 2058 1768 2113; x_wconf 77' lang='lat' dir='ltr'><strong>congruo</strong></span> 
     </span>
     <span class='ocr_line' id='line_1_71' title="bbox 975 2134 1768 2204; baseline 0 -14"><span class='ocrx_word' id='word_1_517' title='bbox 975 2136 1137 2191; x_wconf 89' lang='lat' dir='ltr'><strong>dictumest</strong></span> <span class='ocrx_word' id='word_1_518' title='bbox 1156 2151 1171 2189; x_wconf 91' lang='lat' dir='ltr'><strong>a</strong></span> <span class='ocrx_word' id='word_1_519' title='bbox 1191 2135 1299 2190; x_wconf 86' lang='lat' dir='ltr'><strong>dextera</strong></span> <span class='ocrx_word' id='word_1_520' title='bbox 1323 2149 1370 2189; x_wconf 89' lang='lat' dir='ltr'><strong>soa</strong></span> <span class='ocrx_word' id='word_1_521' title='bbox 1395 2149 1502 2204; x_wconf 85' lang='lat' dir='ltr'><strong>semper</strong></span> <span class='ocrx_word' id='word_1_522' title='bbox 1522 2134 1662 2189; x_wconf 85' lang='lat' dir='ltr'><strong>Dominum</strong></span> <span class='ocrx_word' id='word_1_523' title='bbox 1684 2135 1768 2190; x_wconf 87' lang='lat' dir='ltr'><strong>fuisse</strong></span> 
     </span>
     <span class='ocr_line' id='line_1_72' title="bbox 975 2224 1768 2298; baseline -0.004 -16"><span class='ocrx_word' id='word_1_524' title='bbox 975 2236 1161 2298; x_wconf 82' lang='lat' dir='ltr'><strong>cortspeetum.</strong></span> <span class='ocrx_word' id='word_1_525' title='bbox 1184 2224 1229 2282; x_wconf 89' lang='lat' dir='ltr'><strong>Sic</strong></span> <span class='ocrx_word' id='word_1_526' title='bbox 1253 2226 1325 2282; x_wconf 87' lang='lat' dir='ltr'><strong>enim</strong></span> <span class='ocrx_word' id='word_1_527' title='bbox 1345 2225 1438 2280; x_wconf 88' lang='lat' dir='ltr'><strong>nutndi</strong></span> <span class='ocrx_word' id='word_1_528' title='bbox 1458 2227 1592 2280; x_wconf 87' lang='lat' dir='ltr'><strong>contraria</strong></span> <span class='ocrx_word' id='word_1_529' title='bbox 1613 2226 1768 2294; x_wconf 83' lang='lat' dir='ltr'><strong>superavit,</strong></span> 
     </span>
     <span class='ocr_line' id='line_1_73' title="bbox 975 2316 1768 2390; baseline -0.004 -18"><span class='ocrx_word' id='word_1_530' title='bbox 975 2319 1101 2390; x_wconf 78' lang='lat' dir='ltr'><strong>gisortium</strong></span> <span class='ocrx_word' id='word_1_531' title='bbox 1124 2317 1277 2372; x_wconf 88' lang='lat' dir='ltr'><strong>nullatenus</strong></span> <span class='ocrx_word' id='word_1_532' title='bbox 1295 2333 1310 2371; x_wconf 88' lang='lat' dir='ltr'><strong>a</strong></span> <span class='ocrx_word' id='word_1_533' title='bbox 1334 2326 1446 2387; x_wconf 87' lang='lat' dir='ltr'><strong>paterna</strong></span> <span class='ocrx_word' id='word_1_534' title='bbox 1464 2317 1693 2384; x_wconf 77' lang='lat' dir='ltr'><strong>contemplatione</strong></span> <span class='ocrx_word' id='word_1_535' title='bbox 1712 2316 1768 2370; x_wconf 89' lang='lat' dir='ltr'><strong>dis-</strong></span> 
     </span>
     <span class='ocr_line' id='line_1_74' title="bbox 976 2407 1769 2479; baseline -0.005 -13"><span class='ocrx_word' id='word_1_536' title='bbox 976 2412 1068 2466; x_wconf 86' lang='lat' dir='ltr'><strong>cessit.</strong></span> <span class='ocrx_word' id='word_1_537' title='bbox 1085 2411 1136 2465; x_wconf 86' lang='lat' dir='ltr'><strong>Sed</strong></span> <span class='ocrx_word' id='word_1_538' title='bbox 1162 2417 1222 2479; x_wconf 90' lang='lat' dir='ltr'><strong>post</strong></span> <span class='ocrx_word' id='word_1_539' title='bbox 1237 2407 1446 2463; x_wconf 87' lang='lat' dir='ltr'><strong>resurrectionis</strong></span> <span class='ocrx_word' id='word_1_540' title='bbox 1468 2407 1580 2478; x_wconf 88' lang='lat' dir='ltr'><strong>gloriam</strong></span> <span class='ocrx_word' id='word_1_541' title='bbox 1606 2407 1714 2477; x_wconf 90' lang='lat' dir='ltr'><strong>proprie</strong></span> <span class='ocrx_word' id='word_1_542' title='bbox 1738 2421 1769 2462; x_wconf 85' lang='lat' dir='ltr'><strong>so</strong></span> 
     </span>
     <span class='ocr_line' id='line_1_75' title="bbox 976 2497 1767 2568; baseline -0.005 -12"><span class='ocrx_word' id='word_1_543' title='bbox 976 2502 1043 2558; x_wconf 89' lang='lat' dir='ltr'><strong>dicit</strong></span> <span class='ocrx_word' id='word_1_544' title='bbox 1058 2503 1084 2556; x_wconf 94' lang='lat' dir='ltr'><strong>in</strong></span> <span class='ocrx_word' id='word_1_545' title='bbox 1099 2501 1185 2557; x_wconf 81' lang='lat' dir='ltr'><strong>Patris</strong></span> <span class='ocrx_word' id='word_1_546' title='bbox 1203 2499 1313 2556; x_wconf 80' lang='lat' dir='ltr'><strong>dextera</strong></span> <span class='ocrx_word' id='word_1_547' title='bbox 1333 2499 1515 2566; x_wconf 87' lang='lat' dir='ltr'><strong>delectatum,</strong></span> <span class='ocrx_word' id='word_1_548' title='bbox 1535 2499 1579 2553; x_wconf 93' lang='lat' dir='ltr'><strong>ubi</strong></span> <span class='ocrx_word' id='word_1_549' title='bbox 1604 2499 1660 2568; x_wconf 82' lang='lat' dir='ltr'><strong>jun</strong></span> <span class='ocrx_word' id='word_1_550' title='bbox 1676 2497 1767 2552; x_wconf 86' lang='lat' dir='ltr'><strong>trtundi</strong></span> 
     </span>
     <span class='ocr_line' id='line_1_76' title="bbox 977 2589 1768 2660; baseline -0.005 -11"><span class='ocrx_word' id='word_1_551' title='bbox 977 2595 1054 2650; x_wconf 84' lang='lat' dir='ltr'><strong>istius</strong></span> <span class='ocrx_word' id='word_1_552' title='bbox 1073 2593 1236 2649; x_wconf 87' lang='lat' dir='ltr'><strong>adversitate</strong></span> <span class='ocrx_word' id='word_1_553' title='bbox 1262 2591 1401 2658; x_wconf 86' lang='lat' dir='ltr'><strong>deposita,</strong></span> <span class='ocrx_word' id='word_1_554' title='bbox 1431 2591 1582 2646; x_wconf 83' lang='lat' dir='ltr'><strong>humanitas</strong></span> <span class='ocrx_word' id='word_1_555' title='bbox 1604 2589 1662 2660; x_wconf 83' lang='lat' dir='ltr'><strong>ejus</strong></span> <span class='ocrx_word' id='word_1_556' title='bbox 1684 2590 1768 2645; x_wconf 88' lang='lat' dir='ltr'><strong>tutius</strong></span> 
     </span>
     <span class='ocr_line' id='line_1_77' title="bbox 978 2682 1765 2755; baseline -0.008 -16"><span class='ocrx_word' id='word_1_557' title='bbox 978 2685 1126 2755; x_wconf 86' lang='lat' dir='ltr'><strong>trrajestatls</strong></span> <span class='ocrx_word' id='word_1_558' title='bbox 1141 2684 1337 2743; x_wconf 77' lang='lat' dir='ltr'><strong>clarificatione</strong></span> <span class='ocrx_word' id='word_1_559' title='bbox 1347 2682 1479 2751; x_wconf 80' lang='lat' dir='ltr'><strong>corripieta</strong></span> <span class='ocrx_word' id='word_1_560' title='bbox 1493 2688 1544 2746; x_wconf 88' lang='lat' dir='ltr'><strong>est,</strong></span> <span class='ocrx_word' id='word_1_561' title='bbox 1562 2696 1677 2747; x_wconf 82' lang='lat' dir='ltr'><strong>regnans</strong></span> <span class='ocrx_word' id='word_1_562' title='bbox 1691 2682 1765 2734; x_wconf 87' lang='lat' dir='ltr'><strong>atrita</strong></span> 
     </span>
     <span class='ocr_line' id='line_1_78' title="bbox 978 2771 1766 2843; baseline -0.006 -14"><span class='ocrx_word' id='word_1_563' title='bbox 978 2776 1066 2831; x_wconf 78' lang='lat' dir='ltr'><strong>Verbo</strong></span> <span class='ocrx_word' id='word_1_564' title='bbox 1078 2790 1138 2831; x_wconf 91' lang='lat' dir='ltr'><strong>cum</strong></span> <span class='ocrx_word' id='word_1_565' title='bbox 1151 2775 1229 2832; x_wconf 86' lang='lat' dir='ltr'><strong>Patro</strong></span> <span class='ocrx_word' id='word_1_566' title='bbox 1241 2783 1267 2828; x_wconf 90' lang='lat' dir='ltr'><strong>et</strong></span> <span class='ocrx_word' id='word_1_567' title='bbox 1282 2773 1383 2842; x_wconf 88' lang='lat' dir='ltr'><strong>Spiritu</strong></span> <span class='ocrx_word' id='word_1_568' title='bbox 1400 2780 1494 2827; x_wconf 86' lang='lat' dir='ltr'><strong>saneto</strong></span> <span class='ocrx_word' id='word_1_569' title='bbox 1507 2787 1556 2843; x_wconf 89' lang='lat' dir='ltr'><strong>per</strong></span> <span class='ocrx_word' id='word_1_570' title='bbox 1567 2771 1665 2826; x_wconf 77' lang='lat' dir='ltr'><strong>saecula</strong></span> <span class='ocrx_word' id='word_1_571' title='bbox 1680 2785 1766 2825; x_wconf 78' lang='lat' dir='ltr'><strong>saecu·</strong></span> 
     </span>
     <span class='ocr_line' id='line_1_79' title="bbox 978 2864 1763 2938; baseline 0 -18"><span class='ocrx_word' id='word_1_572' title='bbox 978 2868 1075 2923; x_wconf 90' lang='lat' dir='ltr'><strong>lurum.</strong></span> <span class='ocrx_word' id='word_1_573' title='bbox 1094 2866 1181 2938; x_wconf 84' lang='lat' dir='ltr'><strong>lispue</strong></span> <span class='ocrx_word' id='word_1_574' title='bbox 1192 2868 1219 2921; x_wconf 85' lang='lat' dir='ltr'><strong>in</strong></span> <span class='ocrx_word' id='word_1_575' title='bbox 1233 2867 1309 2936; x_wconf 72' lang='lat' dir='ltr'><strong>paens</strong></span> <span class='ocrx_word' id='word_1_576' title='bbox 1323 2866 1458 2936; x_wconf 84' lang='lat' dir='ltr'><strong>significat</strong></span> <span class='ocrx_word' id='word_1_577' title='bbox 1473 2864 1662 2934; x_wconf 87' lang='lat' dir='ltr'><strong>perlectionem</strong></span> <span class='ocrx_word' id='word_1_578' title='bbox 1682 2875 1763 2933; x_wconf 83' lang='lat' dir='ltr'><strong>atane</strong></span> 
     </span>
     <span class='ocr_line' id='line_1_80' title="bbox 976 2954 1766 3028; baseline -0.005 -14"><span class='ocrx_word' id='word_1_579' title='bbox 976 2960 1155 3015; x_wconf 81' lang='lat' dir='ltr'><strong>aeternitatem</strong></span> <span class='ocrx_word' id='word_1_580' title='bbox 1174 2977 1181 3014; x_wconf 92' lang='lat'><strong>:</strong></span> <span class='ocrx_word' id='word_1_581' title='bbox 1201 2958 1263 3028; x_wconf 85' lang='lat' dir='ltr'><strong>quia</strong></span> <span class='ocrx_word' id='word_1_582' title='bbox 1287 2958 1381 3026; x_wconf 73' lang='lat' dir='ltr'><strong>glarie</strong></span> <span class='ocrx_word' id='word_1_583' title='bbox 1405 2958 1464 3025; x_wconf 77' lang='lat' dir='ltr'><strong>eius</strong></span> <span class='ocrx_word' id='word_1_584' title='bbox 1484 2957 1510 3010; x_wconf 93' lang='lat' dir='ltr'><strong>iu</strong></span> <span class='ocrx_word' id='word_1_585' title='bbox 1529 2970 1577 3009; x_wconf 91' lang='lat' dir='ltr'><strong>sua</strong></span> <span class='ocrx_word' id='word_1_586' title='bbox 1601 2954 1766 3025; x_wconf 87' lang='lat' dir='ltr'><strong>perfectione</strong></span> 
     </span>
     <span class='ocr_line' id='line_1_81' title="bbox 978 3049 1587 3119; baseline -0.008 -14"><span class='ocrx_word' id='word_1_587' title='bbox 978 3066 1098 3119; x_wconf 84' lang='lat' dir='ltr'><strong>straneas,</strong></span> <span class='ocrx_word' id='word_1_588' title='bbox 1113 3051 1193 3105; x_wconf 92' lang='lat' dir='ltr'><strong>nullis</strong></span> <span class='ocrx_word' id='word_1_589' title='bbox 1211 3051 1262 3106; x_wconf 89' lang='lat' dir='ltr'><strong>erit</strong></span> <span class='ocrx_word' id='word_1_590' title='bbox 1276 3049 1391 3104; x_wconf 90' lang='lat' dir='ltr'><strong>finienda</strong></span> <span class='ocrx_word' id='word_1_591' title='bbox 1413 3049 1587 3117; x_wconf 84' lang='lat' dir='ltr'><strong>temporibus.</strong></span> 
     </span>
    </p>
   </div>
   <div class='ocr_carea' id='block_1_12' title="bbox 1243 3159 1498 3230">
    <p class='ocr_par' dir='ltr' id='par_1_14' title="bbox 1243 3159 1498 3230">
     <span class='ocr_line' id='line_1_82' title="bbox 1243 3159 1498 3230; baseline -0.004 -16"><span class='ocrx_word' id='word_1_592' title='bbox 1243 3161 1378 3214; x_wconf 79' lang='lat' dir='ltr'><strong>Conclusio</strong></span> <span class='ocrx_word' id='word_1_593' title='bbox 1394 3159 1498 3230; x_wconf 86' lang='lat' dir='ltr'><strong>psalnri.</strong></span> 
     </span>
    </p>
   </div>
   <div class='ocr_carea' id='block_1_13' title="bbox 977 3275 1818 4538">
    <p class='ocr_par' dir='ltr' id='par_1_15' title="bbox 977 3275 1818 4538">
     <span class='ocr_line' id='line_1_83' title="bbox 1012 3275 1767 3347; baseline 0.004 -17"><span class='ocrx_word' id='word_1_594' title='bbox 1012 3275 1219 3331; x_wconf 79' lang='lat' dir='ltr'><strong>Carnsideremus</strong></span> <span class='ocrx_word' id='word_1_595' title='bbox 1231 3275 1301 3330; x_wconf 86' lang='lat' dir='ltr'><strong>burte</strong></span> <span class='ocrx_word' id='word_1_596' title='bbox 1312 3275 1459 3345; x_wconf 87' lang='lat' dir='ltr'><strong>psalrnum,</strong></span> <span class='ocrx_word' id='word_1_597' title='bbox 1474 3284 1575 3347; x_wconf 78' lang='lat' dir='ltr'><strong>quanto</strong></span> <span class='ocrx_word' id='word_1_598' title='bbox 1590 3291 1639 3331; x_wconf 93' lang='lat' dir='ltr'><strong>nos</strong></span> <span class='ocrx_word' id='word_1_599' title='bbox 1654 3289 1767 3333; x_wconf 81' lang='lat' dir='ltr'><strong>munere</strong></span> 
     </span>
     <span class='ocr_line' id='line_1_84' title="bbox 977 3365 1765 3436; baseline 0 -16"><span class='ocrx_word' id='word_1_600' title='bbox 977 3365 1071 3421; x_wconf 86' lang='lat' dir='ltr'><strong>salutis</strong></span> <span class='ocrx_word' id='word_1_601' title='bbox 1083 3366 1208 3421; x_wconf 88' lang='lat' dir='ltr'><strong>informet</strong></span> <span class='ocrx_word' id='word_1_602' title='bbox 1223 3385 1228 3418; x_wconf 97' lang='lat'><strong>:</strong></span> <span class='ocrx_word' id='word_1_603' title='bbox 1245 3366 1270 3420; x_wconf 94' lang='lat' dir='ltr'><strong>in</strong></span> <span class='ocrx_word' id='word_1_604' title='bbox 1285 3367 1455 3436; x_wconf 87' lang='lat' dir='ltr'><strong>passionibus</strong></span> <span class='ocrx_word' id='word_1_605' title='bbox 1467 3367 1656 3422; x_wconf 88' lang='lat' dir='ltr'><strong>confidentiam</strong></span> <span class='ocrx_word' id='word_1_606' title='bbox 1671 3366 1765 3433; x_wconf 82' lang='lat' dir='ltr'><strong>tradit,</strong></span> 
     </span>
     <span class='ocr_line' id='line_1_85' title="bbox 978 3458 1767 3529; baseline 0.001 -17"><span class='ocrx_word' id='word_1_607' title='bbox 978 3459 1004 3512; x_wconf 92' lang='lat' dir='ltr'><strong>in</strong></span> <span class='ocrx_word' id='word_1_608' title='bbox 1020 3473 1067 3527; x_wconf 90' lang='lat' dir='ltr'><strong>spe</strong></span> <span class='ocrx_word' id='word_1_609' title='bbox 1080 3469 1207 3514; x_wconf 85' lang='lat' dir='ltr'><strong>aeternam</strong></span> <span class='ocrx_word' id='word_1_610' title='bbox 1223 3458 1334 3528; x_wconf 88' lang='lat' dir='ltr'><strong>gloriam</strong></span> <span class='ocrx_word' id='word_1_611' title='bbox 1351 3459 1500 3527; x_wconf 87' lang='lat' dir='ltr'><strong>pollicetur,</strong></span> <span class='ocrx_word' id='word_1_612' title='bbox 1524 3469 1553 3513; x_wconf 90' lang='lat' dir='ltr'><strong>ut</strong></span> <span class='ocrx_word' id='word_1_613' title='bbox 1567 3458 1690 3513; x_wconf 69' lang='lat' dir='ltr'><strong>«lucendo</strong></span> <span class='ocrx_word' id='word_1_614' title='bbox 1707 3475 1767 3529; x_wconf 82' lang='lat' dir='ltr'><strong>qttar</strong></span> 
     </span>
     <span class='ocr_line' id='line_1_86' title="bbox 978 3549 1766 3618; baseline -0.001 -14"><span class='ocrx_word' id='word_1_615' title='bbox 978 3549 1065 3604; x_wconf 89' lang='lat' dir='ltr'><strong>futura</strong></span> <span class='ocrx_word' id='word_1_616' title='bbox 1080 3557 1142 3603; x_wconf 92' lang='lat' dir='ltr'><strong>sunt</strong></span> <span class='ocrx_word' id='word_1_617' title='bbox 1161 3563 1303 3618; x_wconf 83' lang='lat' dir='ltr'><strong>prospera,</strong></span> <span class='ocrx_word' id='word_1_618' title='bbox 1321 3549 1461 3617; x_wconf 74' lang='lat' dir='ltr'><strong>praesentia</strong></span> <span class='ocrx_word' id='word_1_619' title='bbox 1480 3563 1533 3604; x_wconf 90' lang='lat' dir='ltr'><strong>nott</strong></span> <span class='ocrx_word' id='word_1_620' title='bbox 1561 3549 1703 3604; x_wconf 89' lang='lat' dir='ltr'><strong>tinteanms</strong></span> <span class='ocrx_word' id='word_1_621' title='bbox 1717 3550 1766 3603; x_wconf 94' lang='lat' dir='ltr'><strong>ad·</strong></span> 
     </span>
     <span class='ocr_line' id='line_1_87' title="bbox 978 3639 1766 3706; baseline 0.003 -13"><span class='ocrx_word' id='word_1_622' title='bbox 978 3655 1066 3698; x_wconf 83' lang='lat' dir='ltr'><strong>versa.</strong></span> <span class='ocrx_word' id='word_1_623' title='bbox 1083 3639 1181 3696; x_wconf 85' lang='lat' dir='ltr'><strong>Sebola</strong></span> <span class='ocrx_word' id='word_1_624' title='bbox 1202 3640 1335 3706; x_wconf 80' lang='lat' dir='ltr'><strong>caelestis,</strong></span> <span class='ocrx_word' id='word_1_625' title='bbox 1351 3640 1467 3695; x_wconf 86' lang='lat' dir='ltr'><strong>eruditio</strong></span> <span class='ocrx_word' id='word_1_626' title='bbox 1482 3640 1585 3706; x_wconf 86' lang='lat' dir='ltr'><strong>vitalis,</strong></span> <span class='ocrx_word' id='word_1_627' title='bbox 1605 3640 1766 3695; x_wconf 75' lang='lat' dir='ltr'><strong>auditorium</strong></span> 
     </span>
     <span class='ocr_line' id='line_1_88' title="bbox 978 3732 1767 3803; baseline 0 -15"><span class='ocrx_word' id='word_1_628' title='bbox 978 3734 1113 3799; x_wconf 78' lang='lat' dir='ltr'><strong>ueritatis,</strong></span> <span class='ocrx_word' id='word_1_629' title='bbox 1130 3732 1270 3801; x_wconf 86' lang='lat' dir='ltr'><strong>disciplina</strong></span> <span class='ocrx_word' id='word_1_630' title='bbox 1292 3733 1444 3789; x_wconf 88' lang='lat' dir='ltr'><strong>certissime</strong></span> <span class='ocrx_word' id='word_1_631' title='bbox 1463 3733 1626 3802; x_wconf 87' lang='lat' dir='ltr'><strong>singularis,</strong></span> <span class='ocrx_word' id='word_1_632' title='bbox 1644 3749 1704 3803; x_wconf 80' lang='lat' dir='ltr'><strong>qum</strong></span> <span class='ocrx_word' id='word_1_633' title='bbox 1724 3733 1767 3788; x_wconf 92' lang='lat' dir='ltr'><strong>di·</strong></span> 
     </span>
     <span class='ocr_line' id='line_1_89' title="bbox 978 3824 1767 3896; baseline -0.003 -14"><span class='ocrx_word' id='word_1_634' title='bbox 978 3827 1096 3896; x_wconf 88' lang='lat' dir='ltr'><strong>scipulos</strong></span> <span class='ocrx_word' id='word_1_635' title='bbox 1107 3836 1220 3895; x_wconf 88' lang='lat' dir='ltr'><strong>occupat</strong></span> <span class='ocrx_word' id='word_1_636' title='bbox 1241 3824 1366 3880; x_wconf 77' lang='lat' dir='ltr'><strong>sentibus</strong></span> <span class='ocrx_word' id='word_1_637' title='bbox 1389 3825 1541 3893; x_wconf 78' lang='lat' dir='ltr'><strong>fructuosis,</strong></span> <span class='ocrx_word' id='word_1_638' title='bbox 1566 3841 1619 3881; x_wconf 93' lang='lat' dir='ltr'><strong>uon</strong></span> <span class='ocrx_word' id='word_1_639' title='bbox 1647 3826 1767 3882; x_wconf 89' lang='lat' dir='ltr'><strong>inanium</strong></span> 
     </span>
     <span class='ocr_line' id='line_1_90' title="bbox 979 3917 1818 3977; baseline 0.002 -2"><span class='ocrx_word' id='word_1_640' title='bbox 979 3919 1177 3976; x_wconf 88' lang='lat' dir='ltr'><strong>lenocinatione</strong></span> <span class='ocrx_word' id='word_1_641' title='bbox 1201 3918 1356 3975; x_wconf 88' lang='lat' dir='ltr'><strong>verborum.</strong></span> <span class='ocrx_word' id='word_1_642' title='bbox 1384 3917 1515 3973; x_wconf 81' lang='lat' dir='ltr'><strong>Convenit</strong></span> <span class='ocrx_word' id='word_1_643' title='bbox 1541 3918 1622 3974; x_wconf 86' lang='lat' dir='ltr'><strong>etiam</strong></span> <span class='ocrx_word' id='word_1_644' title='bbox 1644 3920 1769 3974; x_wconf 86' lang='lat' dir='ltr'><strong>coruueri</strong></span> <span class='ocrx_word' id='word_1_645' title='bbox 1808 3953 1818 3977; x_wconf 67' lang='lat' dir='ltr'><strong>s</strong></span> 
     </span>
     <span class='ocr_line' id='line_1_91' title="bbox 979 4008 1769 4081; baseline -0.001 -18"><span class='ocrx_word' id='word_1_646' title='bbox 979 4010 1043 4081; x_wconf 83' lang='lat' dir='ltr'><strong>qnid</strong></span> <span class='ocrx_word' id='word_1_647' title='bbox 1058 4010 1109 4065; x_wconf 92' lang='lat' dir='ltr'><strong>sibi</strong></span> <span class='ocrx_word' id='word_1_648' title='bbox 1128 4009 1192 4063; x_wconf 83' lang='lat' dir='ltr'><strong>uelit</strong></span> <span class='ocrx_word' id='word_1_649' title='bbox 1217 4008 1457 4079; x_wconf 77' lang='lat' dir='ltr'><strong>quintusdecimus</strong></span> <span class='ocrx_word' id='word_1_650' title='bbox 1479 4024 1622 4075; x_wconf 89' lang='lat' dir='ltr'><strong>numerus;</strong></span> <span class='ocrx_word' id='word_1_651' title='bbox 1636 4009 1769 4080; x_wconf 88' lang='lat' dir='ltr'><strong>signibcat</strong></span> 
     </span>
     <span class='ocr_line' id='line_1_92' title="bbox 980 4099 1768 4172; baseline -0.001 -17"><span class='ocrx_word' id='word_1_652' title='bbox 980 4101 1066 4167; x_wconf 86' lang='lat' dir='ltr'><strong>enim,</strong></span> <span class='ocrx_word' id='word_1_653' title='bbox 1078 4111 1108 4155; x_wconf 91' lang='lat' dir='ltr'><strong>ut</strong></span> <span class='ocrx_word' id='word_1_654' title='bbox 1121 4109 1256 4168; x_wconf 81' lang='lat' dir='ltr'><strong>putamus,</strong></span> <span class='ocrx_word' id='word_1_655' title='bbox 1271 4099 1422 4168; x_wconf 84' lang='lat' dir='ltr'><strong>quindecim</strong></span> <span class='ocrx_word' id='word_1_656' title='bbox 1435 4101 1543 4171; x_wconf 82' lang='lat' dir='ltr'><strong>gradus,</strong></span> <span class='ocrx_word' id='word_1_657' title='bbox 1563 4101 1661 4170; x_wconf 79' lang='lat' dir='ltr'><strong>auibus</strong></span> <span class='ocrx_word' id='word_1_658' title='bbox 1677 4102 1768 4172; x_wconf 91' lang='lat' dir='ltr'><strong>templi</strong></span> 
     </span>
     <span class='ocr_line' id='line_1_93' title="bbox 979 4180 1768 4264; baseline 0.001 -18"><span class='ocrx_word' id='word_1_659' title='bbox 979 4180 1199 4264; x_wconf 80' lang='lat' dir='ltr'><strong>ierosolymitani</strong></span> <span class='ocrx_word' id='word_1_660' title='bbox 1213 4191 1445 4246; x_wconf 86' lang='lat' dir='ltr'><strong>conscendebatur</strong></span> <span class='ocrx_word' id='word_1_661' title='bbox 1458 4192 1590 4248; x_wconf 88' lang='lat' dir='ltr'><strong>mirabilis</strong></span> <span class='ocrx_word' id='word_1_662' title='bbox 1604 4193 1768 4260; x_wconf 79' lang='lat' dir='ltr'><strong>atriplitudo:</strong></span> 
     </span>
     <span class='ocr_line' id='line_1_94' title="bbox 979 4284 1768 4355; baseline 0.004 -17"><span class='ocrx_word' id='word_1_663' title='bbox 979 4284 1124 4354; x_wconf 87' lang='lat' dir='ltr'><strong>designans</strong></span> <span class='ocrx_word' id='word_1_664' title='bbox 1138 4284 1255 4355; x_wconf 76' lang='lat' dir='ltr'><strong>quinque</strong></span> <span class='ocrx_word' id='word_1_665' title='bbox 1268 4285 1392 4340; x_wconf 87' lang='lat' dir='ltr'><strong>sensibus</strong></span> <span class='ocrx_word' id='word_1_666' title='bbox 1406 4285 1545 4354; x_wconf 86' lang='lat' dir='ltr'><strong>corporcis</strong></span> <span class='ocrx_word' id='word_1_667' title='bbox 1567 4300 1615 4352; x_wconf 88' lang='lat' dir='ltr'><strong>per</strong></span> <span class='ocrx_word' id='word_1_668' title='bbox 1629 4284 1768 4341; x_wconf 84' lang='lat' dir='ltr'><strong>Trinitatis</strong></span> 
     </span>
     <span class='ocr_line' id='line_1_95' title="bbox 980 4374 1770 4449; baseline 0.004 -21"><span class='ocrx_word' id='word_1_669' title='bbox 980 4375 1093 4449; x_wconf 79' lang='lat' dir='ltr'><strong>gratiam</strong></span> <span class='ocrx_word' id='word_1_670' title='bbox 1111 4375 1262 4445; x_wconf 87' lang='lat' dir='ltr'><strong>superatis,</strong></span> <span class='ocrx_word' id='word_1_671' title='bbox 1285 4375 1318 4429; x_wconf 89' lang='lat' dir='ltr'><strong>ad</strong></span> <span class='ocrx_word' id='word_1_672' title='bbox 1337 4375 1404 4428; x_wconf 90' lang='lat' dir='ltr'><strong>atria</strong></span> <span class='ocrx_word' id='word_1_673' title='bbox 1429 4384 1528 4430; x_wconf 80' lang='lat' dir='ltr'><strong>serietas</strong></span> <span class='ocrx_word' id='word_1_674' title='bbox 1546 4374 1673 4431; x_wconf 74' lang='lat' dir='ltr'><strong>Ecclesia</strong></span> <span class='ocrx_word' id='word_1_675' title='bbox 1699 4375 1770 4432; x_wconf 89' lang='lat' dir='ltr'><strong>felici</strong></span> 
     </span>
     <span class='ocr_line' id='line_1_96' title="bbox 982 4466 1769 4538; baseline 0.003 -17"><span class='ocrx_word' id='word_1_676' title='bbox 982 4483 1091 4524; x_wconf 89' lang='lat' dir='ltr'><strong>nrunere</strong></span> <span class='ocrx_word' id='word_1_677' title='bbox 1102 4468 1249 4538; x_wconf 85' lang='lat' dir='ltr'><strong>perueniri.</strong></span> <span class='ocrx_word' id='word_1_678' title='bbox 1266 4466 1343 4534; x_wconf 80' lang='lat' dir='ltr'><strong>Qrtod</strong></span> <span class='ocrx_word' id='word_1_679' title='bbox 1356 4480 1384 4523; x_wconf 90' lang='lat' dir='ltr'><strong>et</strong></span> <span class='ocrx_word' id='word_1_680' title='bbox 1397 4483 1444 4537; x_wconf 89' lang='lat' dir='ltr'><strong>per</strong></span> <span class='ocrx_word' id='word_1_681' title='bbox 1454 4467 1533 4522; x_wconf 90' lang='lat' dir='ltr'><strong>istum</strong></span> <span class='ocrx_word' id='word_1_682' title='bbox 1545 4483 1650 4538; x_wconf 85' lang='lat' dir='ltr'><strong>quoque</strong></span> <span class='ocrx_word' id='word_1_683' title='bbox 1661 4468 1769 4523; x_wconf 87' lang='lat' dir='ltr'><strong>dabitur</strong></span> 
     </span>
    </p>
   </div>
   <div class='ocr_carea' id='block_1_14' title="bbox 787 4530 1769 4632">
    <p class='ocr_par' dir='ltr' id='par_1_16' title="bbox 787 4530 1769 4632">
     <span class='ocr_line' id='line_1_97' title="bbox 787 4530 1769 4632; baseline 0.019 -35"><span class='ocrx_word' id='word_1_684' title='bbox 787 4530 924 4598; x_wconf 67' lang='lat' dir='ltr'><strong>fflfe¹l²⁸²</strong></span> <span class='ocrx_word' id='word_1_685' title='bbox 941 4533 965 4592; x_wconf 75' lang='grc' dir='ltr'><strong>Ῐ)</strong></span> <span class='ocrx_word' id='word_1_686' title='bbox 979 4557 1121 4632; x_wconf 76' lang='lat' dir='ltr'><strong>paulutum,</strong></span> <span class='ocrx_word' id='word_1_687' title='bbox 1131 4559 1153 4613; x_wconf 91' lang='lat' dir='ltr'><strong>si</strong></span> <span class='ocrx_word' id='word_1_688' title='bbox 1166 4556 1225 4626; x_wconf 83' lang='lat' dir='ltr'><strong>ejus</strong></span> <span class='ocrx_word' id='word_1_689' title='bbox 1236 4557 1439 4613; x_wconf 88' lang='lat' dir='ltr'><strong>saluberrimum</strong></span> <span class='ocrx_word' id='word_1_690' title='bbox 1453 4557 1669 4628; x_wconf 80' lang='lat' dir='ltr'><strong>pradicationem</strong></span> <span class='ocrx_word' id='word_1_691' title='bbox 1678 4557 1769 4615; x_wconf 85' lang='lat' dir='ltr'><strong>bouri-</strong></span> 
     </span>
    </p>
   </div>
   <div class='ocr_carea' id='block_1_15' title="bbox 979 4658 1351 4718">
    <p class='ocr_par' dir='ltr' id='par_1_17' title="bbox 979 4658 1351 4718">
     <span class='ocr_line' id='line_1_98' title="bbox 979 4658 1351 4718; baseline 0.005 -16"><span class='ocrx_word' id='word_1_692' title='bbox 979 4664 1015 4702; x_wconf 92' lang='lat' dir='ltr'><strong>no</strong></span> <span class='ocrx_word' id='word_1_693' title='bbox 1030 4658 1187 4718; x_wconf 83' lang='lat' dir='ltr'><strong>protegente</strong></span> <span class='ocrx_word' id='word_1_694' title='bbox 1201 4664 1351 4705; x_wconf 84' lang='lat' dir='ltr'><strong>servemus.</strong></span> 
     </span>
    </p>
   </div>
   <div class='ocr_carea' id='block_1_16' title="bbox 1122 4788 1621 4936">
    <p class='ocr_par' dir='ltr' id='par_1_18' title="bbox 1122 4788 1621 4936">
     <span class='ocr_line' id='line_1_99' title="bbox 1122 4788 1621 4846; baseline 0 -1"><span class='ocrx_word' id='word_1_695' title='bbox 1122 4788 1301 4846; x_wconf 68' lang='lat' dir='ltr'><strong>expositio</strong></span> <span class='ocrx_word' id='word_1_696' title='bbox 1320 4790 1351 4844; x_wconf 87' lang='grc' dir='ltr'><strong>ΙΝ</strong></span> <span class='ocrx_word' id='word_1_697' title='bbox 1374 4789 1533 4846; x_wconf 76' lang='lat' dir='ltr'><strong>esnitititt</strong></span> <span class='ocrx_word' id='word_1_698' title='bbox 1552 4788 1621 4845; x_wconf 78' lang='lat' dir='ltr'><strong>xit.</strong></span> 
     </span>
     <span class='ocr_line' id='line_1_100' title="bbox 1275 4881 1474 4936; baseline 0.01 -2"><span class='ocrx_word' id='word_1_699' title='bbox 1275 4882 1363 4936; x_wconf 79' lang='lat' dir='ltr'><strong>Oratio</strong></span> <span class='ocrx_word' id='word_1_700' title='bbox 1379 4881 1474 4936; x_wconf 81' lang='lat' dir='ltr'><strong>Dauid.</strong></span> 
     </span>
    </p>
   </div>
   <div class='ocr_carea' id='block_1_17' title="bbox 138 4977 1770 5155">
    <p class='ocr_par' dir='ltr' id='par_1_19' title="bbox 138 4977 1770 5155">
     <span class='ocr_line' id='line_1_101' title="bbox 138 4977 1770 5064; baseline 0.014 -36"><span class='ocrx_word' id='word_1_701' title='bbox 138 4991 198 5030; x_wconf 89' lang='lat' dir='ltr'><strong>rurn</strong></span> <span class='ocrx_word' id='word_1_702' title='bbox 218 4985 246 5030; x_wconf 88' lang='lat' dir='ltr'><strong>et</strong></span> <span class='ocrx_word' id='word_1_703' title='bbox 263 4977 362 5032; x_wconf 84' lang='lat' dir='ltr'><strong>lartceae</strong></span> <span class='ocrx_word' id='word_1_704' title='bbox 378 4979 526 5048; x_wconf 87' lang='lat' dir='ltr'><strong>irruptione</strong></span> <span class='ocrx_word' id='word_1_705' title='bbox 550 4995 727 5050; x_wconf 87' lang='lat' dir='ltr'><strong>penetratur:</strong></span> <span class='ocrx_word' id='word_1_706' title='bbox 743 4986 805 5056; x_wconf 86' lang='lat' dir='ltr'><strong>quia</strong></span> <span class='ocrx_word' id='word_1_707' title='bbox 831 4988 927 5057; x_wconf 83' lang='lat' dir='ltr'><strong>etipsa</strong></span> <span class='ocrx_word' id='word_1_708' title='bbox 1017 4995 1084 5049; x_wconf 86' lang='lat' dir='ltr'><strong>Cam</strong></span> <span class='ocrx_word' id='word_1_709' title='bbox 1101 4993 1177 5049; x_wconf 90' lang='lat' dir='ltr'><strong>multi</strong></span> <span class='ocrx_word' id='word_1_710' title='bbox 1194 4993 1357 5064; x_wconf 87' lang='lat' dir='ltr'><strong>psalmorum</strong></span> <span class='ocrx_word' id='word_1_711' title='bbox 1378 4996 1404 5049; x_wconf 95' lang='lat' dir='ltr'><strong>in</strong></span> <span class='ocrx_word' id='word_1_712' title='bbox 1419 5003 1490 5049; x_wconf 86' lang='lat' dir='ltr'><strong>testu</strong></span> <span class='ocrx_word' id='word_1_713' title='bbox 1506 5010 1555 5050; x_wconf 86' lang='lat' dir='ltr'><strong>suo</strong></span> <span class='ocrx_word' id='word_1_714' title='bbox 1576 4994 1692 5050; x_wconf 89' lang='lat' dir='ltr'><strong>babeant</strong></span> <span class='ocrx_word' id='word_1_715' title='bbox 1710 5010 1770 5051; x_wconf 86' lang='lat' dir='ltr'><strong>ora·</strong></span> 
     </span>
     <span class='ocr_line' id='line_1_102' title="bbox 139 5068 1765 5155; baseline 0.012 -32"><span class='ocrx_word' id='word_1_716' title='bbox 139 5068 218 5123; x_wconf 87' lang='lat' dir='ltr'><strong>solidi</strong></span> <span class='ocrx_word' id='word_1_717' title='bbox 231 5071 352 5137; x_wconf 86' lang='lat' dir='ltr'><strong>eorporis</strong></span> <span class='ocrx_word' id='word_1_718' title='bbox 376 5073 603 5129; x_wconf 84' lang='lat' dir='ltr'><strong>transverberatio</strong></span> <span class='ocrx_word' id='word_1_719' title='bbox 628 5092 681 5131; x_wconf 91' lang='lat' dir='ltr'><strong>non</strong></span> <span class='ocrx_word' id='word_1_720' title='bbox 703 5077 837 5132; x_wconf 90' lang='lat' dir='ltr'><strong>immerito</strong></span> <span class='ocrx_word' id='word_1_721' title='bbox 856 5093 929 5150; x_wconf 80' lang='lat' dir='ltr'><strong>qute-</strong></span> <span class='ocrx_word' id='word_1_722' title='bbox 984 5085 1088 5153; x_wconf 86' lang='lat' dir='ltr'><strong>tiones,</strong></span> <span class='ocrx_word' id='word_1_723' title='bbox 1108 5099 1218 5141; x_wconf 89' lang='lat' dir='ltr'><strong>movere</strong></span> <span class='ocrx_word' id='word_1_724' title='bbox 1233 5084 1337 5140; x_wconf 87' lang='lat' dir='ltr'><strong>ridetur</strong></span> <span class='ocrx_word' id='word_1_725' title='bbox 1353 5099 1402 5140; x_wconf 91' lang='lat' dir='ltr'><strong>cur</strong></span> <span class='ocrx_word' id='word_1_726' title='bbox 1422 5085 1465 5140; x_wconf 91' lang='lat' dir='ltr'><strong>bie</strong></span> <span class='ocrx_word' id='word_1_727' title='bbox 1490 5087 1571 5143; x_wconf 86' lang='lat' dir='ltr'><strong>talem</strong></span> <span class='ocrx_word' id='word_1_728' title='bbox 1593 5087 1712 5155; x_wconf 86' lang='lat' dir='ltr'><strong>posuerit</strong></span> <span class='ocrx_word' id='word_1_729' title='bbox 1732 5090 1765 5142; x_wconf 91' lang='lat' dir='ltr'><strong>in-</strong></span> 
     </span>
    </p>
   </div>
   <div class='ocr_carea' id='block_1_18' title="bbox 139 5159 1771 5246">
    <p class='ocr_par' dir='ltr' id='par_1_20' title="bbox 139 5159 1771 5246">
     <span class='ocr_line' id='line_1_103' title="bbox 139 5159 1771 5246; baseline 0.012 -32"><span class='ocrx_word' id='word_1_730' title='bbox 139 5159 201 5215; x_wconf 86' lang='lat' dir='ltr'><strong>darn</strong></span> <span class='ocrx_word' id='word_1_731' title='bbox 220 5161 346 5229; x_wconf 87' lang='lat' dir='ltr'><strong>probatur</strong></span> <span class='ocrx_word' id='word_1_732' title='bbox 364 5163 435 5219; x_wconf 90' lang='lat' dir='ltr'><strong>dicta</strong></span> <span class='ocrx_word' id='word_1_733' title='bbox 447 5167 598 5236; x_wconf 87' lang='lat' dir='ltr'><strong>corruptio.</strong></span> <span class='ocrx_word' id='word_1_734' title='bbox 616 5167 664 5222; x_wconf 87' lang='lat' dir='ltr'><strong>ilie</strong></span> <span class='ocrx_word' id='word_1_735' title='bbox 689 5171 760 5224; x_wconf 86' lang='lat' dir='ltr'><strong>enim</strong></span> <span class='ocrx_word' id='word_1_736' title='bbox 777 5172 928 5239; x_wconf 89' lang='lat' dir='ltr'><strong>corruptio·</strong></span> <span class='ocrx_word' id='word_1_737' title='bbox 983 5175 1176 5243; x_wconf 80' lang='lat' dir='ltr'><strong>scriptionem?</strong></span> <span class='ocrx_word' id='word_1_738' title='bbox 1200 5175 1253 5231; x_wconf 88' lang='lat' dir='ltr'><strong>Sed</strong></span> <span class='ocrx_word' id='word_1_739' title='bbox 1277 5178 1400 5246; x_wconf 74' lang='lat' dir='ltr'><strong>utramvis</strong></span> <span class='ocrx_word' id='word_1_740' title='bbox 1426 5177 1472 5232; x_wconf 87' lang='lat' dir='ltr'><strong>alii</strong></span> <span class='ocrx_word' id='word_1_741' title='bbox 1486 5193 1546 5233; x_wconf 92' lang='lat' dir='ltr'><strong>eum</strong></span> <span class='ocrx_word' id='word_1_742' title='bbox 1566 5178 1646 5234; x_wconf 90' lang='lat' dir='ltr'><strong>rebus</strong></span> <span class='ocrx_word' id='word_1_743' title='bbox 1658 5179 1771 5235; x_wconf 84' lang='lat' dir='ltr'><strong>diversis</strong></span> 
     </span>
    </p>
   </div>
   <div class='ocr_carea' id='block_1_19' title="bbox 141 5250 1771 5521">
    <p class='ocr_par' dir='ltr' id='par_1_21' title="bbox 141 5250 1771 5521">
     <span class='ocr_line' id='line_1_104' title="bbox 141 5250 1771 5340; baseline 0.014 -38"><span class='ocrx_word' id='word_1_744' title='bbox 141 5265 212 5314; x_wconf 76' lang='lat' dir='ltr'><strong>taetri,</strong></span> <span class='ocrx_word' id='word_1_745' title='bbox 226 5250 252 5306; x_wconf 84' lang='lat' dir='ltr'><strong>td</strong></span> <span class='ocrx_word' id='word_1_746' title='bbox 275 5261 317 5308; x_wconf 89' lang='lat' dir='ltr'><strong>est</strong></span> <span class='ocrx_word' id='word_1_747' title='bbox 343 5255 564 5324; x_wconf 81' lang='lat' dir='ltr'><strong>putrefactionem</strong></span> <span class='ocrx_word' id='word_1_748' title='bbox 587 5259 658 5327; x_wconf 88' lang='lat' dir='ltr'><strong>juste</strong></span> <span class='ocrx_word' id='word_1_749' title='bbox 683 5270 763 5330; x_wconf 87' lang='lat' dir='ltr'><strong>negat</strong></span> <span class='ocrx_word' id='word_1_750' title='bbox 782 5261 852 5330; x_wconf 86' lang='lat' dir='ltr'><strong>flori,</strong></span> <span class='ocrx_word' id='word_1_751' title='bbox 868 5279 927 5331; x_wconf 78' lang='lat' dir='ltr'><strong>attus</strong></span> <span class='ocrx_word' id='word_1_752' title='bbox 984 5271 1102 5324; x_wconf 81' lang='lat' dir='ltr'><strong>breviter</strong></span> <span class='ocrx_word' id='word_1_753' title='bbox 1115 5270 1212 5323; x_wconf 84' lang='lat' dir='ltr'><strong>mixtas</strong></span> <span class='ocrx_word' id='word_1_754' title='bbox 1224 5271 1380 5324; x_wconf 88' lang='lat' dir='ltr'><strong>contineant</strong></span> <span class='ocrx_word' id='word_1_755' title='bbox 1392 5269 1609 5340; x_wconf 79' lang='lat' dir='ltr'><strong>deprecationes,</strong></span> <span class='ocrx_word' id='word_1_756' title='bbox 1621 5271 1671 5326; x_wconf 90' lang='lat' dir='ltr'><strong>iste</strong></span> <span class='ocrx_word' id='word_1_757' title='bbox 1683 5280 1771 5325; x_wconf 86' lang='lat' dir='ltr'><strong>turrren</strong></span> 
     </span>
     <span class='ocr_line' id='line_1_105' title="bbox 141 5349 1768 5432; baseline 0.01 -32"><span class='ocrx_word' id='word_1_758' title='bbox 141 5349 301 5418; x_wconf 88' lang='lat' dir='ltr'><strong>generaliter</strong></span> <span class='ocrx_word' id='word_1_759' title='bbox 321 5363 432 5404; x_wconf 87' lang='lat' dir='ltr'><strong>carnem</strong></span> <span class='ocrx_word' id='word_1_760' title='bbox 453 5358 541 5403; x_wconf 75' lang='lat' dir='ltr'><strong>crustat</strong></span> <span class='ocrx_word' id='word_1_761' title='bbox 562 5352 715 5407; x_wconf 81' lang='lat' dir='ltr'><strong>fnnrrmnum.</strong></span> <span class='ocrx_word' id='word_1_762' title='bbox 739 5354 831 5409; x_wconf 74' lang='lat' dir='ltr'><strong>lertio</strong></span> <span class='ocrx_word' id='word_1_763' title='bbox 856 5357 927 5410; x_wconf 89' lang='lat' dir='ltr'><strong>eninr</strong></span> <span class='ocrx_word' id='word_1_764' title='bbox 985 5376 1053 5429; x_wconf 85' lang='lat' dir='ltr'><strong>pene</strong></span> <span class='ocrx_word' id='word_1_765' title='bbox 1074 5371 1128 5415; x_wconf 90' lang='lat' dir='ltr'><strong>tota</strong></span> <span class='ocrx_word' id='word_1_766' title='bbox 1144 5361 1185 5415; x_wconf 89' lang='lat' dir='ltr'><strong>sui</strong></span> <span class='ocrx_word' id='word_1_767' title='bbox 1201 5362 1374 5416; x_wconf 80' lang='lat' dir='ltr'><strong>contextione</strong></span> <span class='ocrx_word' id='word_1_768' title='bbox 1389 5361 1549 5432; x_wconf 88' lang='lat' dir='ltr'><strong>supplicatio</strong></span> <span class='ocrx_word' id='word_1_769' title='bbox 1561 5373 1610 5418; x_wconf 89' lang='lat' dir='ltr'><strong>est.</strong></span> <span class='ocrx_word' id='word_1_770' title='bbox 1623 5361 1717 5416; x_wconf 85' lang='lat' dir='ltr'><strong>lierito</strong></span> <span class='ocrx_word' id='word_1_771' title='bbox 1730 5379 1768 5416; x_wconf 85' lang='lat' dir='ltr'><strong>er·</strong></span> 
     </span>
     <span class='ocr_line' id='line_1_106' title="bbox 141 5438 1771 5521; baseline 0.008 -27"><span class='ocrx_word' id='word_1_772' title='bbox 141 5438 186 5494; x_wconf 91' lang='lat' dir='ltr'><strong>die</strong></span> <span class='ocrx_word' id='word_1_773' title='bbox 198 5456 259 5494; x_wconf 90' lang='lat' dir='ltr'><strong>cnm</strong></span> <span class='ocrx_word' id='word_1_774' title='bbox 273 5442 432 5496; x_wconf 80' lang='lat' dir='ltr'><strong>revivitlcari</strong></span> <span class='ocrx_word' id='word_1_775' title='bbox 450 5445 604 5511; x_wconf 90' lang='lat' dir='ltr'><strong>provenerit</strong></span> <span class='ocrx_word' id='word_1_776' title='bbox 622 5458 751 5512; x_wconf 84' lang='lat' dir='ltr'><strong>canneta,</strong></span> <span class='ocrx_word' id='word_1_777' title='bbox 767 5450 878 5517; x_wconf 89' lang='lat' dir='ltr'><strong>probata</strong></span> <span class='ocrx_word' id='word_1_778' title='bbox 891 5461 932 5504; x_wconf 81' lang='lat' dir='ltr'><strong>est</strong></span> <span class='ocrx_word' id='word_1_779' title='bbox 983 5469 1017 5520; x_wconf 83' lang='lat' dir='ltr'><strong>gn</strong></span> <span class='ocrx_word' id='word_1_780' title='bbox 1030 5452 1069 5506; x_wconf 90' lang='lat' dir='ltr'><strong>sie</strong></span> <span class='ocrx_word' id='word_1_781' title='bbox 1085 5459 1249 5520; x_wconf 76' lang='lat' dir='ltr'><strong>nraertotatus</strong></span> <span class='ocrx_word' id='word_1_782' title='bbox 1267 5463 1323 5521; x_wconf 89' lang='lat' dir='ltr'><strong>est,</strong></span> <span class='ocrx_word' id='word_1_783' title='bbox 1336 5452 1443 5521; x_wconf 88' lang='lat' dir='ltr'><strong>quarrdo</strong></span> <span class='ocrx_word' id='word_1_784' title='bbox 1464 5453 1577 5508; x_wconf 90' lang='lat' dir='ltr'><strong>intentio</strong></span> <span class='ocrx_word' id='word_1_785' title='bbox 1591 5453 1695 5521; x_wconf 77' lang='lat' dir='ltr'><strong>eiusad</strong></span> <span class='ocrx_word' id='word_1_786' title='bbox 1713 5469 1771 5520; x_wconf 89' lang='lat' dir='ltr'><strong>pre·</strong></span> 
     </span>
    </p>
   </div>
   <div class='ocr_carea' id='block_1_20' title="bbox 118 5534 1773 5796">
    <p class='ocr_par' dir='ltr' id='par_1_22' title="bbox 118 5534 1773 5796">
     <span class='ocr_line' id='line_1_107' title="bbox 141 5534 1772 5613; baseline 0.008 -29"><span class='ocrx_word' id='word_1_787' title='bbox 141 5548 193 5586; x_wconf 83' lang='lat' dir='ltr'><strong>rnrn</strong></span> <span class='ocrx_word' id='word_1_788' title='bbox 208 5534 327 5600; x_wconf 89' lang='lat' dir='ltr'><strong>potuisse</strong></span> <span class='ocrx_word' id='word_1_789' title='bbox 340 5534 487 5603; x_wconf 88' lang='lat' dir='ltr'><strong>corrumpi.</strong></span> <span class='ocrx_word' id='word_1_790' title='bbox 983 5559 1043 5598; x_wconf 92' lang='lat' dir='ltr'><strong>com</strong></span> <span class='ocrx_word' id='word_1_791' title='bbox 1060 5543 1176 5597; x_wconf 87' lang='lat' dir='ltr'><strong>studium</strong></span> <span class='ocrx_word' id='word_1_792' title='bbox 1191 5552 1246 5598; x_wconf 86' lang='lat' dir='ltr'><strong>tota</strong></span> <span class='ocrx_word' id='word_1_793' title='bbox 1261 5545 1417 5613; x_wconf 77' lang='lat' dir='ltr'><strong>porrigitur.</strong></span> <span class='ocrx_word' id='word_1_794' title='bbox 1435 5543 1500 5610; x_wconf 78' lang='lat' dir='ltr'><strong>Quat</strong></span> <span class='ocrx_word' id='word_1_795' title='bbox 1516 5552 1604 5598; x_wconf 89' lang='lat' dir='ltr'><strong>tamen</strong></span> <span class='ocrx_word' id='word_1_796' title='bbox 1629 5543 1669 5598; x_wconf 88' lang='lat' dir='ltr'><strong>sie</strong></span> <span class='ocrx_word' id='word_1_797' title='bbox 1687 5545 1772 5597; x_wconf 86' lang='lat' dir='ltr'><strong>uratia</strong></span> 
     </span>
     <span class='ocr_line' id='line_1_108' title="bbox 179 5622 1771 5704; baseline 0.008 -28"><span class='ocrx_word' id='word_1_798' title='bbox 179 5624 252 5677; x_wconf 85' lang='lat' dir='ltr'><strong>l&#39;ers.</strong></span> <span class='ocrx_word' id='word_1_799' title='bbox 279 5622 323 5681; x_wconf 74' lang='lat' dir='ltr'><strong>tt.</strong></span> <span class='ocrx_word' id='word_1_800' title='bbox 340 5624 659 5699; x_wconf 78' lang='lat' dir='ltr'><strong>Notasmiltifecistirias</strong></span> <span class='ocrx_word' id='word_1_801' title='bbox 679 5630 757 5696; x_wconf 70' lang='lat' dir='ltr'><strong>aitte:</strong></span> <span class='ocrx_word' id='word_1_802' title='bbox 781 5632 931 5702; x_wconf 81' lang='lat' dir='ltr'><strong>adirnrpfelis</strong></span> <span class='ocrx_word' id='word_1_803' title='bbox 984 5634 1096 5689; x_wconf 89' lang='lat' dir='ltr'><strong>dicenda</strong></span> <span class='ocrx_word' id='word_1_804' title='bbox 1113 5644 1168 5699; x_wconf 85' lang='lat' dir='ltr'><strong>est,</strong></span> <span class='ocrx_word' id='word_1_805' title='bbox 1196 5641 1225 5689; x_wconf 92' lang='lat' dir='ltr'><strong>ut</strong></span> <span class='ocrx_word' id='word_1_806' title='bbox 1251 5633 1346 5704; x_wconf 84' lang='lat' dir='ltr'><strong>psalmi</strong></span> <span class='ocrx_word' id='word_1_807' title='bbox 1373 5649 1471 5688; x_wconf 90' lang='lat' dir='ltr'><strong>nonteu</strong></span> <span class='ocrx_word' id='word_1_808' title='bbox 1490 5632 1588 5688; x_wconf 85' lang='lat' dir='ltr'><strong>debeat</strong></span> <span class='ocrx_word' id='word_1_809' title='bbox 1610 5634 1771 5693; x_wconf 82' lang='lat' dir='ltr'><strong>continere:</strong></span> 
     </span>
     <span class='ocr_line' id='line_1_109' title="bbox 118 5715 1773 5796; baseline 0.012 -38"><span class='ocrx_word' id='word_1_810' title='bbox 118 5715 336 5796; x_wconf 73' lang='lat' dir='ltr'><strong>nneelam&#39;miecnm</strong></span> <span class='ocrx_word' id='word_1_811' title='bbox 347 5719 678 5784; x_wconf 67' lang='lat' dir='ltr'><strong>retentaesdeleetatiensr</strong></span> <span class='ocrx_word' id='word_1_812' title='bbox 689 5724 931 5780; x_wconf 80' lang='lat' dir='ltr'><strong>innareteratrtaus-</strong></span> <span class='ocrx_word' id='word_1_813' title='bbox 984 5728 1045 5795; x_wconf 78' lang='lat' dir='ltr'><strong>arria</strong></span> <span class='ocrx_word' id='word_1_814' title='bbox 1062 5727 1128 5781; x_wconf 87' lang='lat' dir='ltr'><strong>nibil</strong></span> <span class='ocrx_word' id='word_1_815' title='bbox 1144 5727 1169 5781; x_wconf 93' lang='lat' dir='ltr'><strong>iu</strong></span> <span class='ocrx_word' id='word_1_816' title='bbox 1185 5727 1235 5779; x_wconf 78' lang='lat' dir='ltr'><strong>fior</strong></span> <span class='ocrx_word' id='word_1_817' title='bbox 1253 5726 1320 5780; x_wconf 84' lang='lat' dir='ltr'><strong>libro</strong></span> <span class='ocrx_word' id='word_1_818' title='bbox 1336 5726 1450 5796; x_wconf 78' lang='lat' dir='ltr'><strong>positum</strong></span> <span class='ocrx_word' id='word_1_819' title='bbox 1466 5725 1616 5795; x_wconf 82' lang='lat' dir='ltr'><strong>reperimus</strong></span> <span class='ocrx_word' id='word_1_820' title='bbox 1637 5727 1709 5794; x_wconf 71' lang='lat' dir='ltr'><strong>«prod</strong></span> <span class='ocrx_word' id='word_1_821' title='bbox 1728 5725 1773 5780; x_wconf 77' lang='lat' dir='ltr'><strong>tali</strong></span> 
     </span>
    </p>
   </div>
   <div class='ocr_carea' id='block_1_21' title="bbox 0 0 1915 6128">
    <p class='ocr_par' dir='ltr' id='par_1_23' title="bbox 0 0 1915 6128">
     <span class='ocr_line' id='line_1_110' title="bbox 0 0 1915 6128; baseline 0 0"><span class='ocrx_word' id='word_1_822' title='bbox 0 0 1915 6128; x_wconf 95' lang='lat' dir='ltr'><strong> </strong></span> 
     </span>
    </p>
   </div>
  </div>
 </body>
</html>
