3794 6128
127 285 176 342 iil

730 294 764 352 tt.
785 294 922 354 annelat
941 294 1143 352 cessionem

1705 291 1767 350 Ei!

125 401 211 457 Seiani
222 402 285 457 dicti
295 411 368 468 aaran,
382 402 504 474 quamuis
515 405 647 474 corporali
658 404 836 462 delectatione
850 422 916 474 prae·
932 410 953 466 Α
968 407 1171 462 couversatione
1185 405 1354 475 delinquunt,
1367 406 1392 458 io
1407 413 1506 459 caeram
1521 404 1675 460 calamitate
1688 422 1761 463 rees-

125 492 219 559 raleat,
236 504 263 546 ct
276 491 400 562 jucundis
414 493 541 548 odoribus
557 495 591 551 sit
606 495 703 550 relorta
720 535 728 559 ,
745 495 867 549 suaviora
881 511 918 551 'a-

126 597 185 637 anen
208 584 328 637 moreest
353 582 413 652 ejus
436 585 525 653 populi
548 585 663 641 oderamt
687 586 757 640 dona
773 587 917 642 vidulum.

125 673 199 740 Quoad
214 683 302 729 antem
322 674 397 737 dicit,
417 677 561 745 addocent,
583 677 617 733 ad
641 678 714 747 ipsos
727 678 837 745 respicit
850 678 917 731 otlo-

124 763 222 817 reudoe
236 779 245 827 ;
261 765 324 833 naria
339 774 398 833 post
411 766 555 820 adrentum
570 767 674 822 Doauini
690 766 820 838 pecudum
834 766 916 821 sacri·

125 856 182 912 sacia
195 869 381 913 caesareanas.

164 944 238 1002 vere.
255 948 299 1004 tt.
320 946 355 1001 Et
375 949 519 1003 adorabunt
540 966 598 1004 enan
621 968 709 1006 omncs
729 967 801 1024 repes
824 962 916 1015 terrm:

124 1048 211 1087 oannes
219 1045 304 1104 gentes
313 1038 421 1092 servierat
433 1040 464 1093 ei.
476 1038 554 1094 Venit
564 1041 597 1095 ad
611 1051 734 1110 quartum
747 1043 896 1097 membrum
907 1084 915 1108 ,

126 1124 169 1176 nbi
183 1125 347 1182 adorandum
362 1128 505 1184 Doaoioum
519 1148 533 1186 a
547 1134 652 1187 eunetis
665 1137 788 1204 graatilaua
800 1135 874 1200 dicit,
889 1143 917 1188 et

125 1212 253 1269 laraaelacia
280 1217 363 1284 ipsius
384 1220 477 1276 sniatcr
497 1223 616 1290 exponit.
641 1225 692 1280 i’er
714 1241 800 1278 eaaoaes
822 1240 915 1295 repes,

124 1318 235 1361 coarctas
256 1325 305 1363 taos
320 1311 403 1366 voluit
420 1312 570 1385 intelligere
591 1320 735 1383 nationes3
764 1318 824 1387 qaaia
845 1318 916 1371 aaulia

125 1410 189 1466 gena
201 1410 240 1453 est
252 1415 314 1469 dua
325 1402 350 1456 iu
363 1413 438 1470 aaarte
449 1405 538 1474 populi
554 1408 595 1461 sni
610 1409 745 1477 proprium
757 1422 810 1461 oen
822 1407 915 1461 adoret

124 1500 270 1547 aaactercm.
287 1495 319 1547 Et
334 1495 394 1551 idco
416 1513 450 1553 oe
464 1507 565 1553 lantum
585 1499 620 1554 de
640 1500 747 1569 regibus
762 1502 917 1555 adverteres

125 1581 234 1645 dietanaa,
247 1586 357 1653 addidit,
371 1604 455 1641 ornares
468 1600 553 1658 pentes
568 1592 674 1644 sarciant
686 1593 725 1654 ei:
740 1591 842 1646 scilicet
856 1604 916 1659 eptam

126 1688 173 1742 per
188 1677 340 1732 uaaiacrsum
356 1682 483 1735 mannlnm
498 1692 525 1737 et
540 1682 635 1752 liugos
648 1684 804 1738 diuiduntur
818 1695 846 1741 ct
863 1702 914 1757 paa-

970 496 1053 566 piuut.
1076 497 1116 551 bb
1133 496 1191 551 istis
1210 511 1274 566 ergo
1295 495 1450 558 nararia,rei
1466 495 1570 565 abipsa
1592 495 1761 566 obligatione

969 587 1069 655 peccati
1084 586 1225 641 liberanter
1247 586 1338 641 ddeles
1359 588 1469 651 orrinroe,
1485 585 1590 655 oprando
1607 601 1656 654 per
1669 585 1756 654 poeoi·

967 679 1077 734 tentiam
1098 678 1246 734 redduntur
1260 678 1357 734 divinis
1376 677 1531 732 aaaaaueribns
1553 675 1693 732 abactam.
1707 676 1758 733 Se·

967 768 1066 839 quitor,
1076 777 1099 822 et
1112 770 1264 835 preclarum
1277 782 1368 821 nemen
1379 782 1466 821 eornm
1477 782 1564 820 corona
1577 768 1643 835 ipse.
1652 766 1757 823 lterera

966 858 1121 928 praeclaram
1136 874 1240 923 nomen,
1256 866 1283 912 nt
1296 856 1441 912 Christiani
1455 857 1594 922 dieantur,
1609 868 1638 913 nt
1652 859 1689 914 de
1709 876 1761 915 saro

968 947 1041 1017 llege
1064 946 1271 1016 resplendeant,
1296 954 1322 1001 et
1345 954 1453 1015 accepta
1478 945 1600 1000 aeeabuli
1625 945 1761 1016 dignitate

967 1039 1124 1111 glorientur.
1136 1037 1211 1103 Quod
1225 1046 1313 1090 annaeo
1326 1035 1406 1091 isaias
1421 1036 1680 1105 increpantiudaaes
1694 1053 1762 1105 pras·

966 1128 1084 1183 cinarisse
1094 1127 1270 1197 dignoscitur,
1288 1124 1400 1180 dicent:
1416 1122 1557 1194 iartcrficiet
1573 1141 1617 1179 ros
1632 1121 1761 1181 Dominam

969 1217 1054 1284 Dens,
1074 1228 1098 1271 et
1111 1234 1196 1271 seruos
1219 1234 1280 1271 saror
1294 1217 1390 1270 avocabit
1407 1217 1508 1269 nomine
1524 1214 1577 1268 elie
1588 1217 1597 1285 l
1607 1213 1671 1270 itai.
1694 1231 1761 1281 tsr,

969 1307 1033 1377 tlt),
1053 1308 1144 1376 ntique
1155 1306 1332 1361 ctotsataoos.
1350 1305 1457 1360 Addidit
1475 1303 1572 1368 etiam,
1589 1319 1677 1359 errem
1691 1305 1761 1374 ipse,

967 1403 1094 1468 paaoaaiam
1110 1411 1173 1453 ante
1187 1401 1213 1467 ip
1230 1400 1356 1452 tametio
1381 1398 1465 1468 ipsius
1480 1411 1562 1467 regne
1572 1397 1667 1452 aietnri
1686 1407 1760 1451 naras.

968 1491 1041 1545 Felix
1057 1492 1200 1559 praesentia
1221 1502 1283 1545 ante
1300 1491 1383 1545 [lcum
1406 1504 1513 1559 sempor
1527 1502 1597 1554 esse,
1612 1489 1762 1559 qaacanjam

967 1599 1020 1636 aaon
1036 1582 1165 1637 lornaidea
1188 1581 1335 1636 ottoaotere.
1361 1580 1437 1636 adde
1456 1580 1525 1651 qaand
1541 1579 1595 1634 tale
1617 1582 1762 1648 praaaotma

966 1684 1008 1729 cst
1026 1675 1101 1729 illnru
1116 1672 1221 1735 adore,
1238 1673 1270 1727 ad
1291 1688 1370 1742 praem
1396 1670 1563 1725 nullomodo
1583 1670 1670 1739 possit
1690 1685 1762 1724 name

125 1766 193 1819 tanis.
214 1766 258 1821 Sic
272 1767 365 1822 boaaaai
381 1772 492 1838 pertidia
508 1774 626 1827 uesciadr
641 1788 700 1828 csse
714 1778 854 1840 convicia,
869 1777 913 1845 pm
932 1766 1007 1829 illel
1027 1765 1084 1833 ipsa
1098 1765 1225 1831 cogitatio
1242 1763 1390 1826 pervenire.
1407 1762 1453 1817 Sic
1476 1762 1501 1815 in
1517 1760 1576 1815 istis
1592 1760 1763 1830 paucissimis

125 1855 235 1910 localem
261 1868 335 1926 potat
359 1860 517 1928 Eaclesizam,
538 1879 619 1933 narum
644 1880 691 1931 per
714 1876 798 1920 totum
823 1869 915 1923 erlaean

126 1960 231 2005 cranstat
249 1967 309 2007 esse
324 1952 457 2009 dillaasnm.
484 1959 515 2010 Et
539 1958 642 2013 ianueae
663 1959 724 2028 paria
744 1959 822 2024 dixit,
847 1977 917 2032 repes

126 2042 311 2112 odoroaooa,o
332 2043 341 2097 i
355 2055 479 2110 putantur
499 2047 641 2114 adomudi;
658 2061 743 2119 geratis
756 2064 844 2106 aaatcaaa
864 2071 916 2107 nr·

126 2134 187 2196 rire,
204 2149 263 2201 apnaa
279 2145 400 2189 terrenos
412 2137 535 2192 domines
549 2139 646 2195 balacre
661 2157 817 2197 noscuntur.

162 2222 239 2276 Vens.
257 2223 298 2278 ld.
316 2225 380 2290 Qaaio
395 2227 510 2280 liberunt
523 2246 661 2300 praepetem
675 2248 689 2283 o
702 2242 814 2297 patene,
825 2243 849 2287 cl
861 2235 917 2289 ine·

126 2328 183 2382 paean
197 2315 239 2366 eoi
253 2331 302 2367 noa
318 2326 372 2370 erut
386 2319 500 2386 odiantur.
524 2318 637 2374 Causam
653 2323 740 2377 reddit
762 2339 845 2392 qaaarc
868 2327 919 2378 tto-

127 2405 200 2457 auinu
222 2404 328 2458 tttoesao
350 2408 384 2460 ab
402 2409 532 2464 universis
549 2413 671 2481 gentibus
685 2417 841 2470 serviatur:
857 2419 917 2486 apula

128 2512 282 2562 proriperem,
302 2496 327 2550 id
346 2507 386 2552 cst
406 2499 511 2554 ladclem
528 2503 653 2570 populum
668 2520 683 2556 a
697 2514 799 2572 petente
812 2507 918 2561 diabolo

127 2586 252 2651 libainais,
267 2605 345 2657 praem
362 2606 440 2658 snpra
456 2592 665 2649 selnnaniotorem
679 2596 764 2660 dixit;
781 2599 851 2653 burae
866 2601 919 2654 alio

128 2679 187 2734 ioco
201 2680 437 2749 lerteanaanminnt,
450 2687 569 2742 similest
583 2689 652 2743 istud
667 2689 820 2760 Evangelii:
836 2692 919 2747 Nemo

128 2770 206 2823 iratrnt
220 2773 246 2825 in
259 2771 363 2825 domam
377 2775 461 2843 fortis,
477 2784 503 2828 nt
514 2794 573 2830 enan
588 2782 642 2847 einr
655 2781 770 2851 diripiet,
786 2783 836 2834 nisi
850 2783 920 2853 prins

129 2861 270 2930 elligerent
285 2869 376 2934 (ortem
388 2866 495 2938 (troada.
510 2885 556 2936 aa,
567 2871 625 2942 29).
639 2875 705 2938 Qnac
719 2875 847 2929 vocabula
863 2891 919 2931 ma-

129 2949 212 3006 iitiam
227 2954 286 3024 ejus
297 2956 461 3024 signilleant,
474 2975 526 3014 non
541 2962 681 3028 bonorem,
691 2966 833 3021 arelaodam
847 2980 919 3024 ostn-

130 3042 207 3109 tinm,
225 3059 277 3099 raon
291 3046 450 3103 laudabilem
467 3052 656 3121 principatum.
672 3057 808 3124 Serpaaitur,
824 3069 847 3114 et
861 3063 918 3115 ine·

130 3147 187 3200 pem
199 3134 241 3186 cni
253 3151 305 3187 non
318 3146 371 3189 errat
385 3138 502 3207 adjutor.
518 3140 550 3194 Et
564 3143 607 3198 bic
620 3145 832 3204 subandiendum
849 3162 890 3205 cst
904 3168 918 3204 a
933 3139 957 3201 C
971 3137 1129 3206 Sii'st'ffiidm
1145 3136 1270 3199 “²¹⁰le
1284 3135 1409 3203 q¹¹⁰¹¹i³¹¹¹
1424 3135 1556 3203 illlum&
1573 3135 1689 3205 Msfl’fl‘
1701 3150 1765 3203 W·

130 3223 263 3278 communi
287 3226 411 3283 liberant.
436 3227 544 3298 Inopem
567 3249 633 3289 rere
647 3236 763 3292 diximus
781 3240 839 3307 plns
860 3257 920 3297 esse

131 3329 209 3381 onaan
233 3332 388 3385 pauperem.
402 3321 447 3389 qni
461 3338 539 3391 opem
556 3340 609 3379 ueaa
625 3328 704 3383 laabct
719 3330 790 3393 aiam,
806 3346 856 3387 nec
870 3346 919 3389 sna

131 3408 257 3472 praevalet
269 3407 396 3468 laenitate
410 3413 566 3470 subsistere.
584 3415 638 3472 iios
657 3434 721 3489 ergo
735 3420 850 3476 liberauit
864 3423 919 3478 lio·

132 3498 219 3553 minus
233 3499 371 3567 Claristns,
387 3506 450 3557 duna
471 3505 580 3562 renisus
594 3506 621 3560 iu
638 3508 707 3563 bunc
721 3511 848 3567 mundum
864 3515 921 3567 dia-

133 3587 185 3643 laoli
194 3589 341 3658 insanissime
354 3594 451 3663 pressit
463 3597 598 3665 astutiam,
610 3610 637 3654 et
647 3600 743 3671 inopiae
756 3604 863 3658 bnuaaai
874 3621 921 3676 ge·

134 3682 204 3734 alaris
227 3684 340 3750 spiritua
352 3685 375 3738 is
403 3684 547 3742 atdaaeoataa
573 3691 658 3758 gratie
680 3692 750 3746 dua
775 3696 919 3750 concessit.

135 3771 226 3825 bieria·
239 3788 303 3843 crgo
316 3774 463 3845 subjunxit,
479 3779 520 3830 cni
534 3795 585 3832 nen
599 3790 653 3834 eret
668 3782 783 3851 adjutor,
799 3786 862 3855 quia
874 3785 922 3840 lau-

135 3877 239 3917 naannm
253 3881 337 3932 genus
356 3867 388 3921 ad
410 3867 542 3922 idolorum
565 3871 698 3926 culturam
715 3876 877 3930 exsecranda
892 3892 922 3931 se

133 3956 322 4023 superstitione
337 3964 495 4016 contulerat.
512 3963 546 4017 Et
559 3963 622 4032 rpaid
639 3965 725 4020 abeis
741 3965 860 4035 adjurari
875 3982 923 4037 pe·

133 4050 214 4110 terant,
226 4063 285 4116 quae
301 4047 341 4102 aet
355 4065 463 4105 sensum
475 4051 606 4122 pecudum
620 4069 673 4109 nora
689 4054 839 4112 habebant?

170 4137 246 4194 l'ers.
261 4141 303 4194 15.
318 4138 412 4195 Pcauet
424 4145 532 4211 pauperi
542 4154 564 4199 et
576 4146 659 4215 inopi,
675 4154 699 4199 et
710 4148 810 4201 unimus
825 4164 921 4218 ponpe-

133 4244 190 4283 rnna
201 4233 284 4284 antuus
300 4235 385 4301 societ.
401 4233 467 4288 Com
481 4235 561 4301 dtaia,
578 4245 681 4304 parret,
696 4238 859 4307 geraeraliter
869 4255 924 4294 suaa·

135 4334 183 4374 nes
203 4330 356 4388 peccatores
375 4325 503 4376 ostendit.
530 4326 583 4379 illis
608 4341 672 4395 ergo
695 4331 814 4397 parcitur
834 4331 880 4399 gui
895 4333 921 4383 in

134 4409 224 4474 aliquo
238 4421 312 4464 reatu
331 4411 495 4466 detinentur.
512 4413 603 4468 Parcet
618 4431 682 4485 ergo
700 4427 727 4471 et
742 4418 837 4473 clectis
856 4421 922 4484 suis,

968 1874 990 1911 a·
1002 1857 1055 1911 abis
1076 1855 1208 1911 felicitatis
1226 1856 1306 1920 illios,
1329 1857 1450 1925 puauasis
1470 1865 1580 1921 tectum,
1596 1856 1707 1921 ali-pund
1723 1867 1762 1912 ta·

968 1964 1028 2002 taron
1044 1948 1122 2002 uobis
1136 1947 1293 2015 designatur
1310 1946 1446 1999 indicium.

1003 2036 1079 2092 Vera.
1094 2035 1138 2091 td.
1156 2036 1187 2089 Et
1200 2037 1273 2102 niret,
1288 2045 1311 2090 el
1323 2036 1425 2090 debitor
1446 2037 1469 2090 ei
1485 2039 1515 2090 de
1528 2054 1591 2091 nure
1607 2037 1721 2101 drobire,
1738 2048 1761 2091 el

968 2130 1110 2180 ualirnlaont
1131 2127 1163 2180 de
1185 2128 1242 2194 ipso
1265 2144 1334 2197 seapp
1350 2143 1383 2181 r:
1399 2136 1451 2180 tota
1468 2128 1509 2181 die
1521 2127 1670 2181 leaedieeot
1688 2143 1758 2181 suan.

970 2220 1038 2273 Erre
1054 2220 1107 2286 jam
1131 2218 1264 2286 praedicant
1280 2217 1388 2271 visionis
1403 2217 1511 2287 aprianus
1525 2228 1566 2272 est
1580 2216 1678 2271 naudus
1691 2256 1701 2285 ,
1716 2217 1761 2271 nbi

969 2310 1135 2377 praesentiam
1160 2309 1264 2362 [loraaini
1284 2309 1429 2363 caantu'isse
1453 2309 1519 2362 dicit
1533 2309 1595 2363 lidei
1611 2320 1719 2375 votum,
1734 2317 1761 2363 et

969 2403 1137 2456 liruaaaueota
1154 2410 1294 2456 terrarum.
1311 2403 1375 2455 Nam
1388 2416 1449 2457 curn
1463 2403 1505 2456 dic
1518 2411 1537 2466 t,
1553 2414 1575 2456 et
1590 2404 1665 2465 niret,
1683 2412 1762 2457 mter·

970 2495 1080 2545 raitaacan
1093 2491 1151 2559 ojus
1166 2491 1313 2560 arania-statis
1324 2493 1457 2556 osteaadit,
1471 2494 1540 2546 sient
1563 2494 1588 2545 in
1606 2493 1697 2547 veteri
1709 2492 1757 2546 Tc·

970 2592 1103 2637 stramento
1117 2586 1213 2638 crebro
1234 2584 1353 2652 legitur:
1373 2583 1439 2638 Vicit
1461 2583 1595 2637 notarium.
1612 2584 1684 2638 t'iaia
1697 2598 1760 2653 ergo

971 2696 1023 2732 aaoaa
1035 2689 1164 2733 erraturae
1179 2678 1334 2749 cujaasquaan
1348 2678 1412 2742 aina,
1427 2693 1477 2746 pua
1494 2681 1531 2731 rel
1549 2678 1637 2748 angoti
1654 2678 1760 2747 potinu-

972 2782 1023 2835 tur,
1035 2771 1080 2825 sed
1090 2770 1254 2826 boarimdoo
1265 2771 1460 2840 singularunm
1473 2773 1528 2824 ruffa
1540 2771 1724 2826 Trinitassam
1733 2780 1761 2826 ta

972 2864 1125 2933 pealruitor.
1143 2863 1287 2931 Scapaitur,
1308 2872 1331 2915 ct
1350 2862 1454 2915 debirnr
1477 2863 1500 2914 ei
1523 2862 1553 2914 dc
1567 2877 1632 2914 uarro
1647 2862 1760 2916 Ars-io.

972 2959 1069 3008 datram
1081 2953 1183 3006 Arobfoe
1194 2968 1249 3020 prm
1261 2960 1320 3005 casta
1330 2952 1366 3005 ris
1379 2952 1458 3005 terris
1473 2952 1558 3006 lerlaar
1570 2966 1632 3005 esse
1646 2951 1761 3022 purissi-

973 3062 1055 3109 muna,
1072 3053 1100 3099 et
1110 3058 1215 3098 summo
1228 3042 1372 3111 splendore
1388 3042 1542 3107 pretiosum.
1555 3041 1717 3108 garonna-ue
1728 3042 1763 3097 ad

970 3228 1080 3279 dentiam
1092 3227 1156 3278 sicut
1170 3242 1244 3295 orpe..
1252 3235 1314 3290 tnm,
1324 3235 1347 3277 ct
1360 3225 1510 3295 sapientium
1521 3225 1585 3277 sient
1596 3241 1694 3277 ‹anrnaaa
1705 3242 1765 3291 pro·

970 3319 1056 3370 britann
1071 3314 1161 3387 (Pron.
1173 3331 1230 3380 nata,
1245 3315 1300 3373 tdl.
1317 3314 1353 3370 lle
1367 3317 1415 3369 ista
1426 3330 1491 3384 ergo
1501 3313 1631 3381 sapientia
1643 3331 1705 3382 nure
1716 3329 1766 3384 per

970 3426 1061 3463 oaarnm
1078 3410 1178 3463 duolio
1197 3409 1373 3477 sigaailioalur,
1391 3408 1494 3462 debitor
1514 3409 1628 3463 bertuino
1649 3425 1765 3474 annuus,

971 3519 1031 3556 enan
1046 3502 1078 3555 ad
1096 3517 1156 3557 eaaaaa
1171 3500 1258 3555 devoti
1281 3502 1469 3570 purgatissimo
1482 3500 1564 3555 corde
1578 3503 1766 3567 pervenerint.

971 3595 1032 3648 Sia-e
1043 3608 1179 3661 magorum
1192 3608 1301 3646 nanuern
1314 3593 1365 3647 iort
1382 3609 1427 3647 sae
1439 3593 1579 3660 siguiliaat,
1593 3606 1655 3660 paras
1668 3591 1769 3647 merite

972 3700 1035 3736 aaran
1049 3684 1150 3736 ,ta-ono
1163 3695 1370 3750 comparantur,
1398 3683 1522 3752 qaaooiam
1539 3682 1657 3750 puritate
1675 3681 1768 3737 cordis

972 3774 1060 3828 oblata
1075 3784 1145 3827 snut.
1162 3774 1271 3843 baatnpni
1289 3789 1399 3828 aureum
1415 3773 1533 3827 colorem
1553 3773 1767 3839 palelaerrinanaaa

973 3877 1132 3921 vocaverunt
1141 3883 1148 3931 3
1158 3877 1185 3919 et
1196 3866 1257 3920 ideo
1269 3882 1363 3919 aurum
1374 3867 1408 3920 ab
1419 3882 1483 3920 num
1495 3866 1595 3920 dictum
1608 3880 1672 3920 esse
1685 3864 1769 3938 m

974 3961 1126 4024 reinerum,
1139 3957 1211 4028 qaaod
1224 3958 1305 4013 nimis
1316 3961 1470 4026 gratissime
1480 3959 1569 4014 coiere
1580 3958 1766 4027 resplendeat.

974 4051 1037 4106 dam
1053 4050 1186 4120 bodieque
1201 4065 1311 4105 naucum
1327 4051 1451 4117 dicimus,
1469 4052 1539 4120 quud
1558 4049 1703 4119 padclarnna
1720 4064 1767 4105 vo·

973 4143 1059 4197 laamas
1074 4143 1217 4196 aestimare.
1229 4141 1365 4209 Sepuitaar,
1381 4150 1403 4193 et
1417 4140 1562 4193 odorabunt
1576 4140 1607 4194 de
1622 4139 1682 4206 ipsu
1693 4154 1764 4194 am·

975 4253 1029 4304 por.
1053 4236 1108 4290 lloc
1131 4236 1164 4290 ad
1187 4235 1382 4292 lanmanitatem
1407 4233 1492 4302 ipsius
1517 4242 1624 4289 constat
1647 4231 1771 4299 reterri,

974 4328 1079 4398 parando
1100 4343 1147 4384 ore
1169 4329 1278 4398 proprie
1298 4327 1522 4397 quaemadmodum
1545 4338 1672 4382 oraretur
1686 4325 1770 4381 iusti·

975 4418 1033 4473 tuit.
1050 4419 1145 4475 Netum
1157 4428 1198 4474 cst
1211 4419 1282 4474 eoioa
1294 4418 1436 4473 dominicae
1448 4418 1579 4472 orationis
1591 4416 1769 4483 beneticinua,

135 4502 179 4568 nui
199 4502 260 4555 licat
282 4514 373 4557 sancta
389 4508 593 4560 couversatione
615 4506 817 4576 resplendeant,
834 4510 921 4580 aliqua
938 4515 1028 4579 une
1044 4510 1126 4564 utitur
1139 4523 1247 4579 semper
1263 4509 1399 4573 Ecclesia,
1416 4522 1496 4577 apuam
1512 4506 1701 4562 soocatsatmm
1716 4504 1770 4561 Pa·

136 4589 184 4643 silai
201 4598 288 4645 tamen
308 4599 388 4653 eoem
402 4591 507 4647 dimitti.
524 4594 577 4649 Sed
593 4612 626 4649 aae
641 4606 777 4664 putaretur
794 4613 876 4666 arsque
889 4599 921 4653 ad

136 4681 186 4737 iaec
203 4691 304 4736 tantum
319 4681 459 4736 Ilooaiamm
473 4700 591 4753 parcere,
606 4698 633 4738 ut
646 4697 660 4738 a
673 4690 812 4743 tormentis
826 4690 923 4744 debitis

137 4783 266 4843 pauperes
287 4773 424 4839 bbcraret,
440 4775 556 4841 addidit,
572 4777 672 4831 uraiorns
689 4795 826 4848 praepetum
841 4781 924 4835 solane

136 4866 231 4936 societ,
247 4875 276 4920 nt
296 4867 393 4935 quibus
407 4867 515 4923 dimittit
532 4878 649 4937 peecata,
666 4871 707 4924 eis
719 4878 745 4924 et
760 4871 867 4938 prendo
884 4870 925 4925 ln·

137 4967 195 5013 tum
211 4960 350 5014 concedat.
373 4960 423 5028 lpsi
437 4961 508 5015 caim
523 4961 587 5014 selei
602 4962 674 5029 fient,
686 4961 732 5031 qui
753 4977 862 5032 regnum
877 4961 926 5017 liei

138 5049 322 5117 possidebunt.
340 5049 415 5104 iliade
430 5067 478 5105 nee
497 5051 566 5106 istud
583 5059 672 5122 potest
685 5066 833 5120 congruere
847 5051 925 5108 Salo·

140 5143 225 5206 anoni,
238 5152 267 5197 nt
289 5145 388 5197 nolanos
407 5145 491 5197 solans
516 5146 620 5214 gereret,
633 5144 703 5212 tpaaod
718 5145 769 5200 soli
788 5144 926 5199 biriuitati

136 5243 240 5287 eastum
255 5242 297 5287 est
309 5234 465 5288 convenire.

173 5323 250 5379 Vera.
265 5321 309 5378 id.
325 5322 366 5377 Ea·
387 5325 470 5377 aratris
493 5331 516 5376 el
534 5324 667 5390 ioipmtote
690 5323 806 5377 liberauit
823 5326 925 5379 coimus

137 5431 235 5483 comm,
248 5424 271 5468 et
286 5416 438 5484 proniorem
453 5431 544 5468 saonen
557 5429 644 5467 eornm
656 5430 743 5467 eornm
754 5413 820 5483 ipso.
834 5413 926 5470 Urnrm

137 5508 172 5561 ab
186 5522 235 5564 ttstt
250 5508 390 5577 appellato
404 5516 477 5570 snaat,
492 5522 551 5573 natac
563 5505 672 5559 creditae
683 5509 802 5574 pecunia.
817 5523 925 5576 seanper

138 5607 283 5668 pmcoraot
303 5608 484 5669 angmentum.
509 5597 553 5652 Sic
573 5597 600 5652 iu
624 5606 732 5666 peceato
755 5601 925 5654 aerssanilaut

138 5704 216 5745 usura
230 5688 326 5745 creent
341 5690 489 5756 anulorum,
514 5690 620 5758 narrando
639 5689 710 5760 qaaod
732 5689 760 5745 in
783 5691 925 5761 teroperali

976 4612 1015 4655 ter
1025 4600 1409 4672 CyprianusCartbaginiensis
1419 4599 1530 4654 antistes
1541 4607 1569 4653 et
1579 4607 1695 4669 martyr,
1710 4598 1769 4665 pai·

975 4707 1033 4745 raaaas
1047 4707 1193 4760 exponens,
1208 4691 1364 4746 brevitatem
1378 4690 1449 4743 ilium
1466 4689 1703 4759 profundissimam
1719 4690 1770 4743 nai·

976 4784 1053 4837 rabili
1067 4782 1227 4852 eloqneutiae
1249 4782 1347 4838 dea-ere
1370 4773 1501 4836 dilatarit.
1517 4780 1637 4851 ddjecit,
1658 4790 1713 4834 lats
1727 4782 1771 4836 die

977 4875 1121 4927 lenedicent
1136 4889 1203 4927 enm.
1219 4872 1284 4927 Toto
1298 4873 1355 4937 de,
1368 4871 1449 4927 totius
1464 4871 1527 4926 rita
1545 4882 1647 4927 raestrae
1663 4882 1771 4942 tempos

977 4964 1110 5026 ostendit,
1137 4978 1197 5032 puae
1220 4962 1316 5017 anerite
1335 4962 1393 5016 dies
1420 4961 1538 5026 dicitur,
1563 4962 1626 5030 quia
1649 4960 1769 5016 bdelium

977 5055 1057 5107 eorda
1072 5053 1151 5107 nullis
1168 5052 1284 5107 teaaelnis
1297 5051 1476 5106 obcaecantur.

1015 5143 1090 5199 Vere.
1109 5143 1150 5199 td.
1169 5143 1201 5196 tn
1215 5144 1261 5197 erit
1281 5143 1470 5210 pirraaomcntnm
1489 5141 1515 5193 iu
1533 5147 1602 5194 terre
1623 5141 1651 5194 iu
1664 5141 1771 5196 aaroni·

977 5237 1115 5299 orontium,
1129 5234 1343 5303 superextolletur
1357 5249 1435 5304 reaper
1447 5231 1574 5286 Libonem
1585 5234 1769 5304 [restricias.

978 5329 1085 5384 Snuamo
1108 5329 1232 5381 monrium
1253 5328 1440 5382 excellentiam
1455 5326 1607 5398 sgnidcaut
1623 5330 1772 5398 proplieta-

977 5436 1054 5484 ruan,
1079 5434 1147 5488 qaaos
1172 5418 1328 5489 lreqaacnter
1351 5419 1466 5474 dicimus
1489 5418 1574 5487 accipi
1596 5418 1702 5476 debere
1724 5434 1773 5490 pre

977 5508 1115 5563 araeanibns.
1132 5509 1334 5564 Firomoaeotnm
1347 5520 1437 5564 autem
1452 5511 1564 5565 istorum
1587 5513 1717 5567 urentium
1730 5520 1773 5569 etl

978 5602 1070 5671 utique
1084 5601 1214 5656 Daaaaaions
1224 5601 1359 5668 Claristns,
1384 5606 1509 5672 quntaiam
1521 5602 1593 5672 dated
1605 5620 1657 5674 per
1666 5608 1728 5663 illes
1739 5606 1774 5661 dd

978 5693 1038 5763 ipse
1055 5693 1210 5762 pradictum
1226 5703 1283 5761 e-t,
1303 5693 1397 5749 eodem
1414 5699 1536 5752 reniaote
1548 5708 1654 5754 constat
1678 5696 1772 5769 ioapie·
