3802 6120
106 207 156 267 tri

572 201 749 262 cicestrie
768 201 801 258 td
822 195 1049 258 asstantrtbtt.
1073 194 1166 251 rsit.
1188 195 1266 249 citt.

1683 182 1734 236 778

104 325 213 382 ninirna
225 324 345 396 prebere
356 324 461 391 solatia,
475 323 544 397 qrrod
558 324 623 379 tanti
635 323 720 379 Patris
733 319 893 376 monstrarit
908 323 932 381 ii
946 315 1113 371 riuicisonuur
1129 328 1221 371 revera
1236 310 1402 383 psalterium,
1417 313 1487 383 qrrad
1502 314 1602 371 sanctis
1615 317 1735 375 modula·

105 418 260 474 auctoritas.

247 547 427 604 exrosirttt
447 547 479 601 tri
500 545 659 603 manabit
679 542 757 597 citt.

316 660 449 714 Canticum
463 661 577 731 psalmus
594 656 686 710 Dauid.

145 775 171 829 ln
186 773 238 829 boe
254 773 357 842 psalmo
372 771 551 843 perqu'renda
570 771 673 823 coritas
693 771 780 823 inesse
794 781 896 835 cogno·

108 866 206 927 scitur,
236 864 361 934 quoniam
390 877 451 915 euru
475 860 508 915 de
538 857 749 929 qrrinquagerimi
779 855 849 910 serti
871 864 899 910 et

109 954 318 1023 quinquagesimi
332 953 393 1005 noni
407 951 524 1020 partibus
538 959 642 1004 constat
654 962 714 1001 esse
726 954 896 1021 contortum.

109 1045 160 1100 Sed
172 1060 233 1099 eum
249 1043 305 1112 ipsa
319 1043 399 1096 rerba
413 1041 466 1096 sint
482 1040 577 1108 posita,
589 1054 648 1107 quae
662 1037 689 1092 iu
703 1036 757 1090 iliis
770 1034 898 1104 anteitur

110 1137 177 1189 dicta
192 1143 265 1196 sarit,
277 1133 310 1188 ad
323 1131 485 1187 intellectum
501 1142 588 1184 tamen
602 1129 683 1182 alium
697 1126 898 1196 perducantur:

110 1229 235 1300 ipsaniam
256 1236 372 1282 mutatus
392 1225 495 1287 titulus,
517 1222 562 1292 (μή
583 1234 690 1288 semper
703 1217 897 1275 continentiam

111 1317 205 1389 psalmi
228 1317 346 1371 indicare
365 1321 540 1375 monstratur,
565 1311 695 1378 aliterque
710 1319 799 1376 portes
814 1308 899 1378 ipsas,

110 1424 187 1478 qrram
203 1407 326 1474 superius
340 1404 418 1460 dictae
434 1413 506 1467 strui,
524 1414 618 1470 persua
630 1402 666 1454 iet
681 1398 807 1469 intelligi.
831 1395 900 1451 Cau-

112 1503 188 1553 n'cnru
206 1499 277 1553 enim
292 1497 445 1565 frequenter
456 1494 573 1548 diuiruns
590 1491 622 1545 ad
643 1491 792 1545 divinarum
809 1505 899 1546 rerum

111 1587 362 1657 contemplationem
378 1584 491 1647 reierri;
514 1584 638 1652 paairrumr
654 1597 718 1635 vero
733 1580 765 1634 ad
781 1581 900 1636 actuales

947 406 1063 461 tionibus
1076 413 1247 460 consonaret.

984 497 1059 551 l'ers.
1075 497 1102 552 Ξ.
1120 495 1245 565 Exsurge,
1261 496 1344 568 glorio
1362 513 1435 563 urea,·
1455 512 1572 569 eosrrrpe,
1587 499 1737 570 panitariam

948 596 971 638 et
983 587 1098 651 oitlroro;
1114 601 1250 657 eorurpnm
1264 585 1391 642 diluenlo.
1408 588 1548 658 Postquam
1564 605 1593 644 se
1609 589 1737 646 Dominus

947 675 1071 731 Cirristus
1091 677 1236 731 seeundum
1255 693 1363 732 carnem
1389 677 1460 732 Patri
1485 689 1595 735 cariture
1618 681 1686 735 illuit
1709 692 1738 737 et

950 767 1076 835 psallere,
1099 783 1168 823 rrrrnc
1187 769 1240 833 ait,
1257 767 1389 841 Exsurge,
1411 772 1494 841 gloria
1515 789 1584 838 aueo,
1608 788 1668 843 qrru
1690 789 1737 843 per

948 857 1097 926 psalterium
1112 857 1244 912 indicatur
1259 868 1286 913 et
1300 860 1436 914 citiroram.
1460 859 1616 916 Psaiterinm
1630 864 1663 918 ad
1677 880 1737 919 rrto-

949 964 1007 1002 rum
1034 949 1150 1016 pertinet
1174 951 1354 1018 probitatem,
1379 952 1478 1008 citiam
1502 954 1535 1008 ad
1559 955 1733 1012 ailllctiouem

950 1041 1071 1110 corporis
1087 1049 1114 1096 et
1132 1041 1269 1107 dolorem,
1295 1058 1343 1112 per
1363 1045 1420 1097 lraec
1444 1045 1588 1100 ostendens
1612 1058 1639 1102 et
1662 1062 1740 1103 acms

951 1129 1109 1196 laudabiles,
1132 1139 1159 1185 et
1179 1131 1403 1203 gloriosissimam
1425 1136 1589 1203 passionem.
1612 1135 1738 1204 Addidit,

951 1235 1087 1289 coniugum
1109 1221 1233 1274 diluenlo.
1261 1204 1460 1279 rdtcbrrrmnn
1482 1224 1601 1293 seqnitur
1616 1226 1684 1280 erdo
1699 1225 1735 1281 dt·

951 1320 1076 1374 ctorum;
1102 1325 1163 1364 nam
1188 1318 1249 1380 post
1270 1311 1492 1381 significationem
1516 1314 1665 1384 passionis,
1690 1315 1741 1371 boc

951 1403 1103 1457 raecessarie
1112 1404 1145 1457 de
1154 1407 1350 1460 resurrectione
1358 1404 1464 1460 iiomini
1474 1409 1601 1477 probatur
1611 1409 1740 1479 intelligi:

952 1497 1014 1565 cirria
1030 1498 1075 1549 tali
1093 1507 1215 1568 tempure
1230 1497 1389 1568 (Evangelio
1405 1502 1484 1570 testei
1500 1503 1620 1557 surrexit
1637 1517 1652 1556 a
1670 1518 1741 1557 ntor-

953 1590 1015 1642 tuis.
1033 1588 1110 1655 Quod
1124 1588 1145 1642 si
1160 1588 1211 1643 boc
1225 1588 1300 1644 etde
1316 1589 1443 1645 membris
1459 1593 1517 1660 ojus
1529 1593 1598 1647 reiis
1610 1594 1742 1664 accipere,

112 1690 287 1747 operasque
301 1686 388 1729 tamen
402 1673 498 1728 divinis
513 1685 656 1727 unscnrrur
668 1672 813 1746 corruenire
827 1687 901 1743 uran-
916 1683 940 1742 Β
953 1686 1032 1737 erran,
1047 1685 1080 1739 ,ie
1093 1684 1210 1751 ,puppium
1226 1682 1297 1737 fideii
1311 1695 1489 1754 congrum&
1501 1684 1666 1743 nummu„
1681 1690 1743 1759 quja

113 1768 202 1832 datis;
227 1764 298 1834 tt¹¹⁰d
323 1766 349 1820 in
375 1764 463 1835 i¹i¹¹¹⁰
484 1780 561 1817 liiii
585 1762 665 1817 etiam
690 1763 745 1834 ipse
768 1772 900 1817 ¹0⁵l³i¹¹t÷
953 1774 1066 1828 diluenlo
1079 1790 1185 1845 semper
1195 1778 1319 1847 exsurgit,
1331 1778 1374 1844 (rui
1390 1776 1438 1847 piis
1451 1777 1577 1845 operibns
1591 1778 1617 1833 iu
1631 1780 1742 1835 ecclesia

114 1855 495 1920 Cattissitttittwimimdifflm
514 1852 633 1906 Dimitw·
661 1853 846 1907 Dssl'idississm
863 1854 901 1908 ii·
957 1867 1098 1922 iinmirmm
1124 1856 1278 1924 laudaturus
1303 1869 1413 1924 assistit.
1442 1868 1508 1923 Nam
1530 1869 1592 1924 licet
1613 1870 1742 1940 protunda

114 1945 218 2017 guinem
230 1945 328 2016 Regem
340 1945 538 2015 christallinum
551 1947 576 1999 in
589 1948 638 1999 lroc
652 1948 753 2013 psalmo
766 1949 903 2002 locuturus

113 2047 161 2091 est.
186 2035 354 2106 Quapropter
368 2036 471 2106 singula
494 2050 588 2105 nrrgua
605 2035 734 2090 ‹leireumr
755 2036 904 2092 intentione

116 2131 289 2199 perquirere:
305 2128 429 2198 qnoniam
456 2127 552 2196 psalmi
574 2127 598 2180 iu
620 2128 716 2197 qrribus
736 2144 768 2182 ex
791 2141 902 2191 rrersoua

115 2236 158 2275 sna
180 2218 252 2289 loqui
269 2218 406 2290 dignatur,
431 2217 648 2272 reuerentissime
670 2219 817 2272 subtilitate
839 2232 902 2287 pro-

118 2310 189 2366 inndi
201 2320 273 2375 snut,
284 2320 312 2366 ut
323 2311 388 2365 tanti
399 2309 496 2366 secreti
508 2308 625 2380 dignitas
636 2308 759 2364 densiore
771 2309 904 2364 velamine

117 2410 281 2473 protegatur.

402 2490 498 2544 Divisio
518 2490 620 2560 psalmi.

149 2605 202 2662 Per
220 2610 305 2660 totnnr
327 2603 457 2672 psalmum
478 2603 562 2672 (sicut
581 2602 682 2658 dictum
703 2602 762 2670 esti
786 2602 904 2671 loquitar

119 2695 245 2751 Dominus
259 2693 392 2749 Christus.
409 2692 499 2748 Primo
512 2691 605 2745 ordine
624 2690 711 2760 perid
729 2689 800 2760 quoti
824 2693 904 2745 bomo

118 2798 156 2842 est
169 2797 288 2857 paterne
307 2785 399 2853 gloriae
421 2784 532 2854 gratiam
557 2783 642 2836 laudis
657 2782 818 2836 exsolvens:
833 2796 904 2850 qno·

118 2879 186 2934 aiam
202 2877 351 2946 suscipiens
372 2874 494 2929 mirabile
516 2874 648 2941 passion's
663 2886 790 2927 areanum
812 2886 904 2926 restir-

118 2972 186 3026 rerit
208 2970 236 3024 in
261 2969 373 3040 gloriam
398 2967 599 3034 sempiternam.
632 2961 756 3018 Secundo
781 2961 905 3017 humiliat

954 1968 1033 2013 nocte
1049 1957 1152 2028 uigilet,
1169 1960 1256 2015 nescit
1270 1961 1395 2017 tenebras
1410 1959 1463 2030 pati
1478 1961 1523 2030 qui
1537 1969 1610 2015 tanto
1626 1961 1743 2016 radiatur

956 2049 1099 2129 splendore
1115 2050 1250 2119 praeconii.

990 2137 1066 2196 Vers.
1083 2139 1109 2196 5.
1133 2139 1277 2211 Confitebor
1291 2142 1335 2196 tibi
1355 2143 1381 2195 iu
1394 2144 1507 2215 populis,
1523 2143 1649 2210 ilomiue‚·
1673 2144 1742 2209 psai·

953 2249 1023 2285 mmn
1042 2233 1125 2287 dicam
1146 2233 1191 2288 tliri
1213 2237 1280 2289 iuter
1293 2245 1389 2305 genter.
1416 2236 1463 2292 llis
1485 2237 1563 2292 dietis
1584 2237 1742 2292 turirersalis

953 2322 1120 2392 signiticatur
1140 2324 1280 2379 Ecclesia:
1303 2328 1365 2396 guia
1384 2328 1465 2395 (sicut
1485 2343 1556 2397 sepe
1575 2329 1742 2398 dictumest)

954 2413 1068 2482 primum
1084 2413 1158 2469 multi
1175 2414 1209 2469 de
1222 2416 1316 2471 tudaeo
1332 2419 1430 2488 populo
1445 2419 1631 2487 crediderunt,
1650 2433 1743 2490 postea

955 2507 1106 2562 intromissa
1118 2518 1159 2564 est
1171 2510 1287 2580 gentium
1300 2509 1447 2580 plenitudo.
1461 2514 1493 2567 Et
1504 2514 1565 2568 ride
1575 2515 1744 2582 qucrnadmo·

954 2599 1015 2654 dnm
1034 2600 1152 2670 singulas
1169 2616 1265 2657 sarisas
1283 2603 1457 2672 congruentia
1473 2604 1552 2660 rerba
1570 2606 1743 2676 distinguant.

955 2693 1077 2763 Conptrri
1097 2709 1126 2749 se
1146 2694 1209 2748 dicit
1229 2694 1255 2747 iu
1275 2694 1371 2765 populo
1390 2694 1560 2762 lrrdaeorrrm,
1575 2697 1619 2755 ubi
1635 2698 1743 2767 propria

955 2798 1022 2839 voce
1036 2785 1140 2840 locutus
1155 2795 1210 2850 est;
1227 2787 1336 2855 psallere
1350 2800 1438 2840 aufem
1452 2787 1477 2840 iu
1492 2789 1617 2859 partibus,
1631 2789 1664 2842 ad
1678 2804 1745 2858 qaas

955 2875 1049 2930 directi
1065 2876 1177 2945 apostoli
1192 2876 1316 2931 mandata
1330 2877 1389 2948 ejus
1402 2880 1501 2932 sanctis
1514 2879 1745 2947 prr-riiertionibns

956 2966 1155 3036 impleverunt:
1176 2981 1205 3023 se
1225 2967 1318 3023 diceus
1338 2983 1432 3024 revera
1450 2969 1577 3036 psaltere,
1603 2971 1675 3041 qrrod
1697 2987 1744 3041 per

118 3075 222 3131 temper
238 3059 430 3113 immanitatem
444 3070 535 3120 stram,
556 3055 600 3108 ubi
616 3063 703 3108 tarnrn
718 3061 745 3108 et
761 3053 906 3122 potentiam
920 3059 944 3123 c
961 3058 1096 3112 ministros
1111 3072 1174 3114 suos
1188 3059 1359 3129 cognoscitur
1373 3058 1504 3140 eiieclsse.

119 3154 232 3225 propriae
249 3151 395 3221 nrajestatis
410 3150 545 3219 ostendit;
572 3158 599 3202 ut
619 3148 685 3200 duas
701 3157 809 3200 iraturas
826 3161 905 3201 ruera·

118 3249 182 3302 citer
197 3245 223 3301 iu
240 3261 291 3298 arua
306 3243 410 3299 Dorrriui
424 3241 523 3297 Cirristi
536 3254 683 3307 cognoscas
698 3255 758 3294 esse
773 3254 904 3310 persona,

121 3354 173 3393 nnn
199 3334 269 3406 qrrorl
296 3337 321 3389 in
346 3335 413 3387 diros
438 3332 507 3386 litos
531 3330 669 3386 dividatur
687 3329 809 3385 Cirristus
825 3329 907 3402 (sient

119 3429 295 3502 quorumdam
316 3427 398 3483 seritit
421 3423 570 3496 impietas),
587 3422 634 3479 sed
650 3423 721 3493 quod
737 3436 805 3477 unus
827 3432 907 3491 arque

120 3523 188 3578 idem
203 3523 286 3577 Filius
301 3522 363 3586 Dei,
387 3536 456 3574 urruc
475 3517 622 3574 secondum
640 3532 749 3572 carnem
767 3531 815 3585 pro
830 3515 906 3570 uobis

120 3625 293 3685 assumptam,
310 3629 381 3668 nunc
394 3611 541 3668 secundum
555 3611 699 3680 potentiam
716 3609 795 3665 Verbi
816 3609 908 3679 loquia-

121 3716 162 3763 tur
175 3716 202 3763 et
213 3706 334 3776 gloriam.
353 3705 479 3760 Discerne
492 3704 563 3758 enirn
578 3686 688 3756 rratnras
704 3711 756 3755 tam
770 3700 816 3754 Dei
828 3713 907 3770 qrram

123 3796 244 3861 homnis,
261 3804 287 3849 rt
301 3796 389 3849 omma
405 3794 462 3848 sine
476 3792 623 3847 oiicrrsione
644 3791 783 3853 transibis,
805 3791 874 3844 sicat
892 3803 908 3843 a

123 3883 241 3939 Patribus
256 3884 306 3938 sub
319 3869 448 3948 brevitate
464 3892 626 3951 pareceptum
641 3890 701 3937 est:
720 3881 756 3936 [ia
770 3881 909 3951 passiones

123 3977 203 4044 carni,
216 3976 250 4031 da
265 3975 400 4029 Divinitati
416 3975 554 4030 miracula.

387 4086 521 4157 Expositio
538 4086 639 4157 psalmi.

993 3149 1071 3204 Vers.
1086 3150 1111 3204 i.
1134 3150 1261 3215 Quoniam
1283 3151 1446 3222 magnificato
1465 3161 1501 3206 est
1520 3168 1599 3220 argue
1618 3151 1651 3205 od
1670 3153 1746 3208 reios

957 3243 1132 3296 urirerioordiu
1152 3251 1211 3304 tuo.
1232 3251 1255 3296 et
1275 3257 1353 3312 nsque
1367 3243 1401 3295 ad
1415 3242 1492 3297 unies
1506 3245 1597 3297 ceritas
1611 3254 1664 3298 tao.
1691 3245 1746 3299 ilbc

957 3349 1063 3404 guoque
1077 3333 1175 3389 dicitur
1189 3332 1261 3387 Patri
1277 3353 1283 3387 :
1300 3333 1470 3405 Magnificam
1492 3344 1528 3388 est
1549 3335 1624 3390 enim
1646 3335 1747 3390 uriseri-

957 3427 1046 3480 cordia
1059 3428 1117 3494 eius
1129 3441 1209 3491 usque
1221 3424 1255 3478 od
1269 3427 1355 3489 coeios,
1367 3407 1473 3496 quando
1487 3441 1613 3496 superne
1628 3436 1746 3495 potesta-

958 3528 998 3576 tes
1013 3520 1070 3587 ejus
1086 3518 1223 3574 beneflciis
1246 3517 1427 3588 pertruuntur.
1453 3518 1518 3574 Nam
1535 3520 1597 3574 licet
1613 3520 1745 3576 botrorum

958 3611 1114 3683 angelorum
1128 3618 1156 3664 et
1165 3608 1330 3662 diversarum
1343 3617 1503 3678 potestatum
1516 3625 1619 3664 summa
1632 3611 1748 3682 dignitas

959 3704 1099 3768 lrabeatur,
1117 3701 1177 3771 ipso
1193 3709 1281 3756 tamen
1297 3708 1442 3772 praestante
1458 3700 1528 3756 beati
1545 3710 1617 3757 sunt.
1642 3701 1749 3772 lingui·

959 3799 1035 3868 picoto
1049 3806 1085 3851 est
1103 3805 1190 3851 autern
1207 3795 1333 3865 usquead
1348 3794 1424 3850 nubes
1438 3796 1528 3848 beritos
1542 3795 1616 3865 ejus,
1640 3794 1748 3864 quando

959 3885 1150 3957 praedicatores
1164 3883 1250 3947 uerbi,
1264 3883 1336 3938 reiut
1351 3882 1494 3937 imbriierae
1510 3883 1607 3949 nubes,
1624 3882 1747 3938 inlideles

961 3976 1072 4046 populos
1088 3973 1286 4043 compluerunt.

997 4077 1071 4130 Vera.
1082 4075 1108 4129 5.
1124 4074 1245 4130 limitare
1255 4089 1330 4144 snper
1339 4073 1425 4135 eoeior,
1435 4071 1518 4135 lieris,¹
1530 4083 1555 4126 et
1565 4088 1639 4144 snper
1650 4087 1749 4127 ouruem

159 4180 232 4235 llere.
248 4178 273 4232 i.
302 4178 424 4233 Paratum
446 4194 489 4231 cor
508 4192 601 4241 rreum,
624 4175 702 4239 Dens,
727 4185 845 4244 paratum
866 4192 914 4232 cnr,
962 4179 1056 4222 terrum
1073 4168 1155 4240 gloria
1175 4176 1227 4220 tua.
1254 4165 1310 4220 linc
1327 4164 1425 4218 excolit
1438 4165 1508 4232 qrrod
1524 4163 1645 4231 superias
1659 4164 1745 4241 dixit:

124 4286 218 4333 aarum·
234 4272 341 4325 corrtalto
361 4280 384 4322 et
396 4269 525 4341 psalmum
536 4268 621 4321 dicam
640 4267 760 4323 Donrirro.
777 4267 909 4324 Sanctitas
960 4256 1039 4329 371
1052 4258 1177 4327 bilbilim
1192 4255 1322 4326 litaetit'isii
1337 4253 1530 4325 missiiiiitttiibt
1545 4269 1603 4308 isse
1618 4256 1746 4325 usquead

123 4361 165 4415 ilia
189 4361 314 4431 gloriosae
339 4358 549 4425 iucarnationis,
577 4359 640 4414 dum
664 4373 739 4414 surum
765 4364 908 4428 puritatem
962 4348 1269 4405 coeirrsmisericortliarn
1287 4347 1406 4409 [inmini;
1425 4346 1749 4412 secummcst,li:nltare

123 4451 222 4517 reims,
254 4449 478 4520 quemadmodum
509 4450 601 4505 laudes
630 4450 741 4504 {irrumpo
764 4432 1136 4513 dicantur‚1)snpercoe.'or.
1154 4439 1240 4506 Dens,·
1266 4451 1293 4495 ut
1313 4438 1390 4509 cujus
1409 4438 1617 4496 miscricordiam
1637 4439 1750 4496 trrarriie·

122 4542 247 4597 ostendit.
273 4540 386 4595 Paratus
401 4540 474 4595 enim
499 4540 544 4594 iile
567 4539 599 4593 ati
625 4540 689 4596 talia
707 4554 815 4608 semper
834 4546 908 4606 erat,

121 4633 164 4703 gui
187 4632 220 4685 ad
244 4631 377 4700 preconia
402 4629 489 4683 Putris
512 4637 683 4697 pcccatorum
699 4628 908 4698 discrepantiam

121 4741 174 4781 non
198 4723 323 4779 babebat.
350 4723 416 4778 Nam
441 4731 469 4777 et
492 4722 547 4792 ipsa
574 4722 697 4790 repetitio
720 4720 909 4776 conbdentiam

121 4815 308 4888 promissionis
323 4813 461 4870 ostendit:
478 4813 538 4883 qrria
556 4813 707 4867 iirmissime
722 4822 826 4870 constat
840 4811 908 4880 dici,

93 4984 96 4991 Ι
120 4910 191 4984 guod
205 4908 317 4977 repetita
330 4906 449 4961 noscitur
460 4904 627 4974 professione
639 4902 759 4957 solidari.
775 4901 826 4959 Sed
838 4904 909 4973 quod

121 5002 165 5058 iile
179 5014 242 5067 rere
256 4999 290 5057 de
311 5011 340 5052 se
357 4997 505 5066 promittit,
522 5009 571 5048 nos
587 4996 654 5049 leue
669 4994 781 5048 dicimus
795 4995 817 5046 si
833 4993 911 5046 nobis

110 5103 231 5163 peccata
244 5090 358 5146 relaxari
371 5089 455 5159 ipsias
464 5101 576 5141 nrrrnere
587 5085 760 5140 collidamus.
774 5085 909 5152 Sequitur,

120 5187 240 5249 carriolo,
253 5194 277 5236 et
294 5183 421 5250 paniarum
435 5181 518 5235 dicam
532 5176 652 5233 Domino.
673 5177 765 5231 lieriio
779 5175 822 5230 iile
835 5175 868 5229 tle
881 5190 910 5230 se

122 5277 183 5332 talia
199 5273 319 5336 dicebat,
333 5272 411 5338 cujus
427 5280 453 5326 et
468 5284 557 5326 sermo
571 5277 599 5323 et
611 5279 686 5322 actus
702 5267 797 5320 riirinis
811 5265 911 5334 regulis

121 5365 298 5424 corisonabat.
308 5363 335 5418 ln
345 5361 531 5432 illbsiguidem
544 5359 668 5431 psalterio
681 5374 732 5413 uon
744 5367 801 5412 erat
812 5355 910 5411 elrorda

122 5462 222 5525 miuus,
240 5473 289 5513 nec
301 5470 354 5511 vox
369 5459 427 5525 ejas
443 5456 531 5526 aliqua
549 5453 680 5508 maiorum
696 5460 803 5506 actuum
819 5464 912 5505 rrrnce-

123 5552 185 5609 dine
205 5549 409 5621 perstrepebat;
437 5549 484 5603 sed
508 5548 624 5618 jrrrunta
648 5545 827 5602 exsultatione
850 5558 912 5599 enm

123 5643 254 5715 sp'rituuii
267 5641 371 5696 erratico
379 5640 560 5710 jungebantur
571 5650 596 5695 rt
609 5646 709 5711 operat
724 5648 834 5708 eratque
846 5633 911 5689 iliuti

243 5733 380 5793 Parnon.
403 5729 505 5793 LXX.

961 4541 1031 4586 stum
1045 4543 1085 4587 cst
1096 4533 1216 4587 soeiestia
1229 4532 1378 4598 continere,
1391 4530 1463 4601 justo
1476 4548 1552 4599 anper
1563 4531 1637 4587 coelos
1651 4533 1750 4590 debeat

962 4625 1082 4679 canituri.
1100 4624 1132 4679 Et
1147 4624 1242 4680 iterum
1256 4625 1318 4692 quia
1331 4623 1410 4687 dixit,
1427 4625 1552 4690 usquead
1567 4624 1644 4678 unies
1656 4627 1748 4680 vernos

963 4724 1021 4779 tua,
1043 4715 1140 4769 merito
1155 4713 1323 4784 subjunctum
1342 4723 1398 4778 est,
1414 4723 1437 4766 et
1451 4730 1528 4784 super
1540 4730 1638 4768 omrrem
1655 4724 1749 4769 terram

961 4804 1044 4876 gloria
1058 4816 1112 4859 tuo.
1140 4804 1197 4875 ipsa
1217 4806 1337 4859 enimse
1357 4803 1495 4858 evidenter
1511 4813 1665 4873 exponunt,
1688 4819 1748 4873 qnae

962 4895 1091 4950 alterutra
1105 4894 1284 4950 declaratione
1299 4896 1457 4965 partiuntur.

999 4996 1073 5051 iers.
1086 4995 1112 5050 b.
1126 4994 1158 5049 tir
1169 4994 1306 5049 liberentur
1316 4995 1399 5048 dilecti
1413 4995 1460 5048 ini.
1476 4992 1581 5049 Saluum
1591 4995 1632 5063 sao
1642 4992 1747 5050 deniers

964 5094 1023 5149 tna,
1044 5084 1174 5137 circandi
1189 5101 1238 5136 me.
1255 5082 1334 5137 ilsnit
1347 5083 1379 5137 ad
1397 5084 1539 5137 secundam
1553 5084 1748 5150 narrationem,

964 5190 1042 5244 quam
1058 5175 1177 5228 diximus
1196 5173 1408 5243 quirrquagesimi
1423 5173 1485 5228 unni
1501 5174 1596 5242 psa'mi
1611 5188 1672 5229 esse
1686 5172 1749 5227 uiti·

966 5277 1035 5318 mam
1057 5276 1170 5335 partem.
1194 5263 1268 5318 tinde
1283 5264 1378 5318 merito
1390 5263 1434 5318 irie
1445 5263 1511 5318 iacta
1526 5263 1621 5317 diri-io
1632 5273 1689 5327 est,
1705 5262 1750 5318 ubi

967 5372 1028 5427 pars
1041 5355 1150 5409 alterius
1175 5352 1269 5422 psalmi
1294 5355 1412 5407 noscitur
1432 5367 1492 5408 esse
1509 5352 1752 5424 conjurarentur

969 5447 1107 5501 euidenter
1126 5445 1255 5514 inteiligas
1274 5445 1425 5515 passionem
1441 5444 1543 5498 bomini
1559 5445 1591 5498 ml
1609 5442 1752 5499 utilitatem

968 5537 1052 5591 lidelis
1069 5535 1157 5604 rumuli
1172 5533 1254 5589 inisse
1276 5534 1417 5599 collatam,
1432 5533 1532 5587 ralrnm
1547 5551 1573 5588 sa
1587 5534 1642 5603 fieri
1655 5533 1753 5604 (lepre-

967 5637 1057 5694 catur,
1076 5634 1104 5680 ut
1117 5625 1281 5681 credentiam
1305 5626 1380 5683 turba
1396 5626 1533 5681 liberetur.
1561 5626 1620 5692 Quin
1635 5636 1753 5697 tempore

1576 5717 1615 5778 25
