3802 6120
129 310 185 371 86
585 303 765 362 exeuslltu
785 303 817 362 ld
836 304 1066 363 rusticulus.
1087 303 1184 361 PSlll..
1204 303 1311 362 citit.
1534 252 1537 257 Ι
1714 304 1765 362 828

131 429 227 492 nritm,
242 432 270 480 et
282 421 397 479 dirersac
410 420 574 478 schematum
589 421 694 492 species
705 419 861 476 doctissima
875 433 923 473 ra·
937 417 1104 488 ASpirituur
1120 428 1242 475 sanctum
1256 426 1282 474 ct
1301 418 1455 485 Dominum,
1469 427 1495 474 et
1510 420 1600 489 priore
1613 418 1768 475 incoluisse

131 522 227 577 rietate
241 516 401 572 tornantur.
971 512 1159 578 notninatnrn;
1180 512 1217 567 ait
1237 512 1308 568 onim
1326 511 1425 568 Paulus
1444 513 1476 566 ad
1492 512 1767 571 Tltes=alonicensesa

401 608 536 678 Expositis
549 608 651 676 psalmi.
972 598 1098 655 Dominus
1117 612 1203 656 cratem
1222 602 1318 674 diripiat
1333 604 1412 657 corda
1426 612 1509 658 cestra
1528 606 1554 657 iu
1575 604 1699 658 circuituro
1717 602 1768 659 nat

169 704 245 762 vm,
262 703 287 759 ι,
308 701 425 758 Laudare
447 699 595 768 Dominam,
612 716 699 755 omma
711 708 807 771 qiam,
823 708 848 754 aa
869 698 923 753 cei.
974 702 997 745 et
1011 693 1133 763 patientia
1146 692 1241 748 Curiati
1252 692 1298 764 (ll
1312 693 1377 748 Tint.
1394 710 1435 761 ιιι,
1451 695 1490 765 5).
1504 697 1601 750 Orator
1620 696 1690 751 eninr
1706 695 1769 764 spt-

129 796 237 852 iandote
257 811 325 860 mm,
340 809 427 848 omnes
449 793 550 862 populi.
570 791 603 846 Et
628 793 708 845 istum
729 803 835 859 quoqne
849 787 923 860 psal·
974 785 1043 839 ritus
1056 796 1163 840 sanctus
1176 787 1296 841 utcorda
1315 788 1481 842 credentium
1505 788 1642 858 dirigatur
1657 790 1683 842 in
1704 787 1769 842 cira·

131 902 205 943 ntunr
228 884 262 941 ad
285 898 430 956 personam
446 893 593 954 martyrum
609 880 737 937 debemus
750 890 853 949 aptare.
877 878 923 932 Di·
974 877 1054 933 ritate
1071 877 1118 932 Dei
1133 888 1160 933 et
1173 878 1199 932 in
1214 880 1340 947 patientia
1351 878 1461 934 Christi.
1476 879 1643 949 Quapropter
1655 893 1724 933 unns
1734 894 1769 934 ex

131 988 194 1035 crrnt
207 977 279 1034 enim
300 976 386 1031 nocti
402 974 462 1040 uiri,
488 972 565 1043 quasi
588 973 643 1042 jam
664 972 781 1042 gloriosa
796 970 922 1040 passione
973 966 1104 1022 Trinitate
1119 979 1181 1023 ante
1192 971 1233 1025 vel
1248 978 1339 1040 postea
1356 970 1519 1034 rtnrninatus,
1534 969 1654 1024 audienti
1665 968 1766 1024 nullum

130 1066 274 1140 perfuncti,
289 1074 318 1121 ut
330 1081 416 1121 ornnes
430 1073 516 1137 pentes
529 1062 562 1118 ad
584 1061 678 1117 laudes
689 1059 795 1114 Domini
807 1057 923 1114 debeant
974 1058 1157 1130 praeiudicium
1174 1061 1273 1130 poterit
1295 1061 1433 1127 erltiiters,
1453 1066 1515 1132 quia
1533 1062 1648 1117 liumana
1666 1060 1766 1117 locutio

129 1158 254 1225 excitari,
270 1157 314 1226 qui
328 1155 390 1210 talia
406 1153 533 1225 prestitit
551 1153 636 1207 serris
649 1153 715 1214 suis,
729 1159 758 1205 ut
778 1149 861 1217 ipsius
874 1161 923 1219 pc-
974 1151 1054 1206 alitcr
1066 1165 1096 1206 ss
1109 1166 1162 1207 non
1182 1154 1254 1208 salet
1268 1141 1406 1222 expedire.
1423 1151 1451 1207 ln
1468 1153 1525 1208 Deo
1548 1156 1619 1208 cuitu
1642 1154 1711 1208 nulla
1727 1163 1770 1211 est

130 1251 186 1305 tius
198 1248 384 1304 tunderentur
396 1245 536 1315 eaenrplis
558 1243 608 1299 tili
630 1253 691 1297 sunt
706 1241 860 1304 Donatistae,
874 1239 921 1311 qui
975 1240 1137 1311 disparilitas
1152 1241 1193 1296 vel
1212 1242 1355 1297 diversitas
1374 1242 1549 1298 aestimanda:
1565 1243 1627 1312 quia
1642 1244 1687 1297 ubi
1699 1256 1770 1299 unas

130 1348 304 1394 tantumsuae
316 1332 518 1404 congregationi
532 1332 610 1388 ildent
624 1333 770 1402 praestitam
786 1327 922 1385 mentina·
977 1331 1047 1386 Dcue
1063 1340 1137 1387 recte
1149 1331 1278 1396 creditur,
1295 1331 1331 1385 tui
1348 1333 1436 1386 utinm
1447 1342 1475 1386 et
1497 1332 1582 1402 rnajor
1604 1348 1656 1387 non
1682 1344 1770 1403 potest

132 1436 176 1484 tur
186 1425 199 1481 i
210 1425 312 1481 Clamat
325 1422 424 1477 chorus
435 1421 481 1477 ille
493 1431 658 1485 sanctorum,
673 1435 759 1473 omnes
772 1429 858 1490 pentes
867 1415 923 1472 Da·
976 1421 1100 1494 inueniri.
1116 1420 1208 1477 Nescit
1223 1423 1295 1477 enirn
1313 1439 1454 1478 numerum
1475 1424 1573 1488 attritas,
1595 1440 1644 1481 nec
1657 1426 1769 1495 gradum

131 1518 232 1573 ιίιιιιιιι
247 1515 348 1571 debere
361 1512 488 1579 laudare,-
503 1520 583 1582 atque
595 1510 696 1566 utinam
716 1508 760 1564 rel
781 1507 921 1564 ttohiscum
972 1508 1089 1566 admittit
1107 1512 1255 1581 aequalitas,
1267 1513 1336 1567 siant
1347 1517 1476 1582 scripturn
1489 1522 1551 1571 est:
1575 1515 1634 1570 ilion
1647 1518 1771 1573 oscentlsa

130 1610 270 1671 iamrent,
294 1607 365 1678 quod
389 1621 419 1663 sc
441 1618 522 1674 apere
543 1602 715 1672 singulariter
733 1600 919 1657 mentiuntur!
972 1618 1018 1673 per
1032 1602 1129 1676 produc
1143 1604 1178 1657 od
1193 1603 1369 1658 nitoremenm
1381 1603 1479 1675 (Enod.
1499 1621 1547 1672 aa,
1560 1605 1619 1676 id).

131 1701 270 1772 Sequitur,
282 1710 305 1755 et
319 1697 465 1753 collaudate
477 1711 545 1764 eam,
563 1710 649 1749 cornea
664 1694 764 1763 popuii.
778 1691 921 1748 Collauda·
1241 1716 1377 1772 cmqmpo
1398 1718 1501 1788 malms,

131 1794 172 1850 tio
182 1802 224 1849 est
238 1803 394 1848 curtctorum
410 1789 528 1845 ddeliuin
554 1790 580 1842 in
602 1801 683 1844 unuin
709 1787 815 1842 redacta
831 1783 923 1840 lauda·

131 1884 190 1950 tio;
204 1883 262 1938 huc
276 1881 348 1938 enirn
360 1879 487 1936 Ecclesiae
498 1878 640 1934 catholice
659 1888 721 1949 apta
736 1879 919 1948 cognoscitur,

129 1989 194 2045 quaa
208 1973 243 2028 de
256 1972 373 2028 dirersis
393 1968 485 2026 mundi
503 1968 622 2038 partibus
642 1977 810 2040 aggregatur.
827 1965 921 2023 Onnes

131 2065 209 2122 enirn
223 2061 344 2135 pantesia
355 2064 411 2118 suis
421 2059 695 2131 populisgencralitcr
706 2066 922 2125 conrmonentur,

129 2171 168 2213 tre
179 2155 241 2226 qnia
254 2169 284 2210 se
298 2154 324 2208 in
337 2152 437 2224 iudicio
450 2151 556 2206 Domini
571 2151 641 2205 dicat
655 2163 716 2205 esse
731 2149 906 2219 numerumn.

168 2245 246 2305 Veri.
260 2245 290 2299 Ξ.
306 2244 431 2311 Qmuium
448 2243 599 2311 confirmatu
612 2253 648 2297 iat
664 2258 741 2311 snper
761 2259 805 2297 nos
824 2243 925 2299 misert-

129 2339 222 2396 cardic
234 2339 302 2409 ejus,
313 2345 339 2393 et
349 2338 441 2392 ueritas
449 2335 552 2391 Domini
564 2346 647 2391 morrei
657 2336 683 2388 in
695 2346 826 2392 interluunt.
840 2336 926 2392 Causa

130 2430 255 2490 redditur
267 2442 352 2500 quare
375 2427 471 2483 dchcat
492 2428 619 2484 Dominus
642 2435 697 2482 toto
718 2427 784 2482 orbe
799 2427 924 2484 laudari:

129 2523 260 2595 quoniam
275 2520 467 2590 promissiones
491 2534 564 2584 suas,
584 2534 649 2589 quas
670 2535 716 2588 per
735 2528 843 2576 sanctos
861 2533 924 2589 pro·

132 2615 230 2684 phetas
243 2613 379 2679 cdeoerat,
391 2610 522 2666 aduentus
538 2610 578 2664 sui
599 2610 753 2665 visitatione
770 2612 923 2680 compleuit.

131 2705 293 2775 Confirmata
303 2713 340 2759 cst
352 2704 424 2757 enim
436 2704 461 2756 in
476 2701 572 2770 populo
584 2699 735 2756 Christiano
752 2702 926 2757 ruriamicordio

131 2802 200 2871 ejus,
215 2807 243 2855 el
255 2811 307 2851 trun
328 2795 539 2852 commovebitur
557 2795 583 2848 iu
602 2805 740 2860 oeictnttm,
756 2796 860 2865 quarrdo
880 2795 925 2851 ille

132 2889 181 2961 qai
194 2889 327 2960 praestitit,
342 2889 400 2955 ipse
417 2903 465 2942 tros
480 2888 520 2957 (ut
534 2888 642 2942 credere
656 2886 763 2957 diqtnrm
778 2887 829 2958 est)
844 2887 924 2943 etiam

132 2994 185 3036 sua
199 2981 370 3036 miseratione
384 2980 510 3034 custodit.
526 2979 653 3044 Addidit,
676 2990 700 3032 et
715 2982 807 3034 uetitus
824 2979 926 3033 Domini

133 3080 222 3127 stanit
236 3071 262 3125 in
278 3080 409 3126 ommuni.
425 3069 472 3125 ilic
484 3073 577 3124 ueritas
602 3070 704 3124 Domini
724 3070 805 3125 Filius
823 3070 927 3138 siqniii-

135 3171 222 3229 eatur,
236 3163 316 3235 393
330 3161 398 3217 sicut
412 3162 469 3231 ipse
482 3162 566 3216 dicit:
581 3159 638 3231 Epo
648 3177 705 3215 sum
719 3166 776 3226 ain,
800 3161 891 3215 ueritus
903 3169 928 3215 et

936 1823 961 1884 B
1010 1829 1112 1885 Parvus
1125 1828 1233 1900 quidem
1252 1806 1541 1901 maianus'plenissina
1563 1829 1693 1887 urerinre
1705 1843 1772 1885 con·

974 1922 1130 1980 elusuasst.
1148 1924 1218 1992 Quid
1232 1923 1303 1979 enirn
1327 1923 1442 1992 amplius
1461 1923 1548 1995 potuit
1562 1922 1626 1989 dici,
1642 1937 1722 1992 quarn
1740 1932 1770 1978 ut

973 2017 1086 2074 Creator
1098 2017 1196 2073 debeat
1208 2025 1266 2073 toto
1280 2018 1346 2072 orbe
1365 2015 1486 2071 laudari?
1502 2013 1626 2071 Fecunda
1641 2012 1769 2077 umatus.

975 2111 1120 2167 constricta
1133 2110 1221 2180 copia,
1235 2117 1339 2164 arctum
1359 2107 1528 2170 latissimum,
1541 2114 1570 2162 st
1581 2107 1640 2161 aine
1658 2104 1712 2161 dns
1722 2118 1774 2161 an·

975 2209 1092 2272 qustum.
1117 2200 1139 2255 0
1164 2199 1250 2255 dulcis
1274 2207 1301 2253 ct
1322 2197 1480 2253 admiranda
1506 2196 1667 2252 diversitati
1690 2192 1772 2253 modo

977 2296 1068 2364 patrois
1091 2292 1232 2349 sententiis
1251 2292 1379 2347 salutaria
1403 2290 1514 2353 dicere,
1535 2287 1615 2344 ruodo
1631 2287 1765 2357 nraqnalia

978 2384 1073 2441 diiiusa
1091 2384 1213 2440 oratione
1233 2396 1352 2445 rrarrare,
1373 2389 1403 2435 ut
1425 2379 1535 2435 taediosa
1553 2377 1700 2434 mortalitas
1719 2391 1772 2434 asc

979 2478 1007 2532 in
1026 2476 1083 2544 ipsa
1097 2491 1162 2530 cura
1175 2473 1320 2529 sustineret
1329 2471 1476 2539 fastidium,
1488 2470 1532 2526 cui
1544 2479 1653 2540 praestat
1661 2480 1767 2524 amiens

977 2569 1093 2624 varietas
1109 2565 1239 2638 [maa.1l.,
1255 2561 1365 2632 D.,1⁴'.,
1381 2560 1490 2633 aeratas]
1506 2562 1662 2631 appetitum.
1683 2556 1772 2625 Quaeri

979 2659 1088 2714 iorsitau
1105 2664 1192 2727 potest
1203 2670 1251 2711 cur
1266 2656 1333 2710 duos
1356 2664 1457 2710 tanturm
1472 2667 1564 2708 uersus
1586 2651 1704 2722 psalmus
1718 2648 1770 2706 iste

978 2750 1125 2813 contineat,
1139 2762 1198 2801 cunt
1213 2746 1344 2800 ediverso
1356 2744 1520 2800 centesimus
1530 2742 1651 2799 decimus
1661 2751 1774 2797 nemias

978 2853 1085 2897 centum
1096 2837 1263 2908 septuaginta
1277 2850 1327 2891 ser
1339 2836 1462 2890 versibus
1472 2833 1617 2903 protluctus
1626 2846 1686 2887 esse
1697 2844 1774 2887 tuon-

981 2939 1091 2994 stretur,
1106 2929 1203 2998 aliique
1221 2927 1373 2994 complures
1394 2925 1494 2994 dispari
1511 2923 1591 2979 modo
1611 2937 1660 2994 pru
1680 2936 1770 2979 reram

978 3025 1104 3096 qualitate
1126 3019 1232 3076 larinati
1250 3031 1323 3075 sutri.
1342 3018 1395 3075 Sed
1417 3018 1484 3072 illud
1508 3015 1630 3072 iortassis
1654 3015 1774 3071 indicare
1838 3068 1847 3091 .

978 3133 1021 3172 rcs
1046 3117 1095 3171 ista
1114 3114 1304 3184 cognoscitur:
1327 3112 1451 3182 quonlam
1476 3109 1546 3165 sicut
1568 3109 1720 3173 harnronia,
1743 3106 1773 3165 id

136 3257 190 3313 m
203 3255 293 3331 (m
310 3270 353 3310 m
386 3254 425 3325 6).
443 3253 519 3319 Nam,
538 3254 606 3309 sicut
621 3263 695 3322 pum
712 3255 928 3310 dementissimus
940 3272 964 3334 C
978 3217 1030 3275 est,
1046 3206 1154 3261 musicae
1169 3204 1273 3259 virtutis
1288 3203 1399 3274 pulclrra
1420 3201 1588 3266 modulatio,
1607 3213 1640 3300 ea
1660 3196 1775 3253 diursis

136 3299 417 3420 anatim

137 3456 192 3496 non
205 3448 264 3496 erat
278 3440 359 3495 l'liius
373 3458 379 3492 :
395 3438 481 3494 luerat
504 3440 595 3508 utique
617 3449 721 3508 temptas
735 3440 842 3510 quando
856 3449 928 3497 esset
981 3480 1085 3534 dim
1114 3478 1193 3533 modo
1208 3478 1366 3548 longissimi,
1387 3477 1415 3532 in
1436 3492 1518 3532 mmm
1533 3486 1693 3532 concentum
1712 3487 1771 3528 m,

137 3532 218 3586 m*
232 3531 292 3585 ⁸³⁰⁶
303 3531 426 3596 πτῶμ’
441 3529 500 3584 ⁵³⁰⁰
515 3529 569 3595 ψ’
586 3531 644 3585 ⁵³⁰⁸
658 3530 722 3584 Μ’
735 3530 789 3585 Sed
801 3529 927 3601 q⁰⁰ni³¹¹¹
982 3571 1064 3626 vitate
1086 3519 1241 3625 dulcissima
1265 3571 1432 3643 rediguntur.
1458 3571 1520 3626 Siue
1545 3568 1640 3642 (quod
1662 3566 1774 3623 credere

134 3620 253 3725 “mm
266 3620 347 3676 “hus
362 3620 440 3723 ΡΨ
460 3634 593 3723 '‘muas''
616 3620 860 3723 ‘¹¹¹.⁸⁸⁸.⁰'ed⁰”d¹'⁵
873 3631 926 3688 ω’
979 3662 1086 3732 dignum
1106 3662 1167 3733 est)
1192 3661 1308 3717 initurum
1334 3676 1445 3732 reginum
1468 3661 1575 3717 Domini
1596 3650 1774 3732 significatur,

135 3715 216 3769 saluta
230 3721 329 3767 nostrae
345 3721 372 3766 et
387 3726 437 3780 tpst
461 3719 586 3765 corruentt
600 3720 704 3767 ueritati
721 3720 885 3771 conternunr
899 3720 928 3768 et
979 3752 1024 3807 ubi
1046 3752 1152 3807 dmm
1172 3753 1265 3807 merita
1279 3763 1433 3806 mmmmm
1453 3765 1501 3821 pm
1521 3759 1627 3806 actuum
1648 3747 1776 3819 quanm

135 3802 391 3906 ‘wbmnf'mm
412 3801 484 3857 ΡΜ
505 3817 553 3903 ρετ
572 3816 661 3905 ⁰m¹¹¹.³
681 3801 776 3856 mmm
794 3802 925 3858 “mmeri'
979 3842 1129 3911 iniquirant,
1145 3856 1206 3896 curn
1222 3851 1310 3897 tanuen
1324 3844 1448 3897 omrriuas
1460 3858 1511 3897 una
1523 3841 1659 3897 beatitudo
1672 3850 1699 3896 et
1713 3854 1777 3898 sua·

137 3888 241 3950 Deinde
254 3901 382 3962 scriptum
398 3902 457 3948 est:
472 3891 564 3945 Omnia
583 3910 628 3963 por
639 3910 722 3963 ipsum
737 3897 806 3962 {neto
818 3903 888 3960 sunt,
903 3904 928 3948 ct
979 3933 1047 3987 vius
1062 3941 1163 3989 mewa
1177 3930 1333 4001 mmm

136 3985 259 4055 aincipto
272 3983 417 4050 factumest
431 3981 495 4035 uitii
510 3981 598 4052 (ioan.
614 3997 633 4048 t,
650 3983 689 4052 ὅ).
704 3981 768 4037 Nam
782 3983 804 4037 si
820 3993 926 4054 tempus

135 4084 181 4132 est
194 4075 289 4131 iactum
305 4091 352 4145 per
362 4075 471 4140 l'iliunr,
484 4075 620 4144 quuntodo
632 4074 747 4129 existere
761 4077 847 4142 potuit
859 4083 926 4131 tetn-
1113 4042 1294 4099 Exp⁰5¹T¹⁰
1309 4044 1340 4100 ΙΝ
1355 4045 1519 4101 PSALMUM
1534 4044 1640 4102 cmi·

136 4181 200 4239 pus,
211 4166 317 4238 quaudo
331 4180 384 4220 nora
398 4176 455 4222 erat
468 4177 562 4221 auctor
580 4165 660 4235 ejus?
676 4166 722 4223 Sic
735 4182 841 4223 errores
862 4183 925 4239 pra·
1317 4155 1440 4211 duellii·

136 4272 188 4315 nos
199 4259 320 4328 sequitur
338 4271 444 4327 semper
462 4257 623 4312 absurditas.
649 4257 799 4328 Subjieiunt
821 4273 926 4329 qunque
1015 4265 1138 4336 Legimus
1153 4267 1180 4321 in
1192 4267 1351 4339 Apocalypsi
1367 4269 1478 4324 instruis
1492 4268 1604 4338 apostoli
1619 4267 1695 4339 (Cup.
1714 4282 1769 4333 xm,

136 4348 244 4406 tertiam
255 4346 418 4403 austratem:
437 4344 516 4401 Pater
529 4361 637 4416 semper
649 4348 768 4401 anterius
780 4346 849 4417 Filio
860 4362 927 4417 prm·
981 4357 1007 4422 l,
1022 4360 1062 4423 i),
1078 4355 1192 4412 sltelaia
1209 4360 1235 4412 iu
1250 4359 1320 4414 coelu
1335 4368 1444 4414 cantare
1463 4359 1662 4414 multitudinem
1679 4358 1774 4428 copio-

135 4440 253 4495 dicatur.
276 4439 309 4492 Et
323 4439 366 4493 uui
382 4446 423 4492 est
445 4437 527 4492 illudi
541 4437 573 4491 ln
591 4440 717 4508 nrittcinio
730 4449 785 4492 erat
809 4439 925 4506 Verium,
981 4424 1057 4513 saum
1073 4447 1144 4518 quiid
1160 4448 1500 4519 ortamquatuorauinnlia
1514 4459 1541 4504 et
1553 4450 1646 4521 viginti
1661 4459 1776 4520 quartuor

135 4539 162 4587 et
181 4527 292 4584 Varium
305 4538 357 4582 mat
370 4528 440 4596 opud
461 4527 541 4582 Deum
558 4527 680 4599 (liitiem,
694 4531 731 4599 l).
757 4530 837 4585 Vides
860 4532 925 4586 nihil
942 4568 964 4624 ι)
979 4539 1100 4594 seniores
1115 4538 1258 4594 adorantes
1274 4539 1413 4594 Dominum
1433 4539 1536 4608 dicunt,
1552 4540 1622 4609 quod
1644 4550 1716 4595 totus
1729 4538 1776 4595 illu

135 4621 177 4680 ihi
198 4621 282 4678 luisse
301 4621 471 4692 prepositum
484 4638 492 4686 ;
506 4635 567 4675 nana
586 4632 613 4676 et
627 4623 718 4677 inultis
736 4622 801 4676 locis
824 4625 926 4691 primus
977 4631 1095 4686 ooelestia
1114 4631 1249 4687 exercitus
1264 4633 1290 4693 in
1307 4647 1372 4689 uoce
1388 4634 1457 4688 tune
1477 4635 1646 4703 grandisona
1667 4634 1774 4705 hymni·

135 4714 223 4773 rain·
238 4715 398 4783 nominatur,
415 4725 442 4769 ul
458 4725 500 4770 est
513 4714 577 4769 illud
597 4715 717 4783 tlpostoli
728 4714 760 4768 ad
776 4714 924 4784 Ephesios:
976 4721 1033 4775 dica
1045 4721 1222 4778 exsultatione
1233 4724 1413 4781 concelebrat.
1427 4726 1596 4797 Quapropter
1606 4724 1639 4780 ad
1651 4726 1703 4782 hoc
1714 4727 1774 4781 latt-

136 4813 181 4868 An
194 4813 296 4866 tremitis
309 4811 368 4881 quin
383 4810 465 4865 omnir
479 4811 618 4878 fornicator
628 4820 651 4864 et
662 4811 807 4866 immundas
819 4829 869 4866 non
879 4812 926 4868 ito·
977 4811 1020 4864 dis
1034 4809 1151 4864 oideiuur
1165 4820 1192 4866 et
1202 4827 1250 4868 nos
1261 4814 1385 4870 alacriter
1396 4815 1565 4870 accedamus.
1576 4816 1652 4883 Quod
1666 4817 1688 4869 si
1705 4829 1772 4884 puro

137 4906 180 4960 iret
193 4905 363 4959 ltoeredimaenr
377 4905 403 4956 in
418 4919 495 4974 rcpno
508 4901 602 4957 Christi
619 4909 643 4956 et
656 4901 704 4956 Dei
720 4900 826 4971 (Epist.
841 4919 866 4965 r.
879 4904 926 4971 iii
977 4905 1058 4960 caude
1072 4903 1205 4968 canimus,
1221 4908 1321 4959 sanctis
1336 4905 1478 4960 tirttuiltus
1495 4906 1539 4976 pia
1553 4906 1697 4961 devotione
1719 4907 1775 4961 mi·

135 4994 174 5052 Et
185 4994 220 5050 ad
236 4993 363 5049 Galatas:
386 4993 486 5047 Paulas
503 4992 634 5063 apostolus
650 5009 700 5047 uon
715 4992 746 5047 ni
760 4992 924 5060 inuriniittr,
977 5012 1102 5065 scurnum
1118 4999 1198 5067 illique
1214 4998 1300 5054 horror
1315 5011 1341 5055 et
1352 5001 1437 5069 gratia
1449 5011 1627 5071 terrenorum,
1639 5019 1697 5073 apuu
1709 5003 1775 5059 ltca-

136 5102 219 5156 neqae
232 5103 278 5156 per
291 5087 427 5151 imninnn,
444 5090 488 5140 seit
501 5101 546 5158 per
559 5084 648 5141 iesum
660 5086 789 5141 citriorum
801 5097 825 5141 et
844 5085 926 5142 Deum
980 5088 1065 5143 titudo
1081 5088 1208 5158 probatur
1222 5103 1284 5145 esse
1298 5091 1460 5148 coeiestiunt.
1472 5094 1604 5161 Quocirca
1622 5094 1774 5150 intricamur

137 5175 244 5233 Patrem
265 5176 365 5249 (Galat.
382 5195 399 5240 r.
417 5179 454 5250 l).
477 5179 509 5234 Et
526 5178 558 5234 ad
578 5179 850 5235 Thessalonicenses:
871 5179 931 5249 lpse
981 5176 1053 5233 itane
1075 5178 1206 5248 psalruum
1227 5182 1347 5249 speciosa
1368 5182 1456 5239 irunte
1466 5184 1631 5239 relucentem
1645 5201 1652 5249 ;
1668 5185 1694 5238 in
1709 5184 1775 5253 ipsis

135 5277 225 5324 ament
240 5269 364 5325 Dominus
380 5269 455 5325 iecur
469 5269 595 5334 Cinaram,
611 5281 634 5325 rt
650 5271 718 5325 Deus
737 5271 816 5325 l'ntcr
828 5281 929 5338 notter,
980 5267 1076 5337 quiippe
1088 5269 1227 5337 principiis
1242 5280 1359 5340 quatuor
1374 5288 1470 5329 uersus
1486 5275 1543 5344 pari
1561 5275 1613 5329 llne
1630 5276 1773 5343 cont-insit,

135 5359 568 5432 qeidiiaeirnna(llTum.11‚
588 5360 654 5432 15),
675 5362 706 5416 Ει
725 5363 758 5416 ad
776 5363 930 5419 Corinthios
979 5366 1009 5411 att
1029 5359 1182 5427 evangelico
1199 5375 1311 5417 nurnero
1335 5371 1420 5418 totuin
1440 5365 1568 5420 mundum
1589 5365 1634 5420 uni
1659 5365 1773 5421 Domino

136 5450 276 5505 secunda:
298 5449 388 5505 Gratia
409 5451 511 5507 Domini
530 5454 610 5507 nonii
629 5452 691 5507 iesu
706 5454 814 5517 dionisii,
830 5465 853 5510 et
867 5455 930 5510 cito-
979 5449 1071 5506 laudes
1085 5451 1183 5506 debore
1194 5454 1317 5523 reddere,
1331 5456 1518 5514 adhortatione
1528 5458 1689 5531 quadrilaria
1701 5473 1776 5516 cotn-

136 5541 203 5595 ritm
218 5541 267 5598 Dei
281 5539 326 5614 (11
339 5543 398 5598 Cor.
414 5561 472 5610 ιιιι,
489 5546 545 5616 li).
560 5545 593 5600 Et
609 5555 636 5600 ut
653 5547 730 5602 istanr
749 5548 928 5618 equalitatem
981 5548 1112 5597 moneret.
1129 5540 1367 5603 llosiutercalares
1378 5563 1430 5602 non
1445 5551 1700 5619 possumusdiccre,
1712 5549 1775 5621 quia

136 5635 175 5688 de
187 5644 241 5690 tota
254 5635 419 5708 iutelligeres
432 5637 571 5706 Trirritate,
585 5639 699 5705 addidit,
717 5650 741 5695 et
759 5643 932 5696 communico·
983 5632 1071 5691 nulloi
1091 5632 1159 5687 ³¹5⁰⁸
1179 5635 1284 5704 miscet,
1307 5640 1354 5696 scd
1377 5641 1492 5699 unifines
1512 5659 1559 5699 eos
1579 5657 1641 5717 apto
1665 5643 1777 5701 [omittit

137 5726 177 5783 it'tl
189 5728 271 5784 macti
286 5727 400 5804 Spiritus
418 5746 475 5785 curn
489 5733 605 5788 nirrniinr
623 5732 702 5788 coiis.
720 5732 833 5806 Legitur
850 5733 932 5791 etiam
985 5727 1093 5786 nornine
1110 5728 1270 5804 incitamus,
1286 5735 1330 5807 qui
1344 5735 1425 5792 simili
1441 5738 1590 5796 neruorum
1602 5736 1790 5796 cenassemus
