3794 6128
144 289 193 343 5⁴27
752 284 785 337 lt.
808 282 949 339 ubtltttt
969 283 1168 342 tussibubttt
1718 292 1771 348 528

144 403 192 457 llln
211 403 280 459 enim
296 401 408 470 amplius
423 400 557 471 religionis
573 397 732 453 Clvristiaum
747 398 835 454 cultus
851 396 928 451 cillo-
941 400 966 458 A
979 412 1070 455 corum
1081 410 1250 471 cnutcvuptus
1258 403 1427 472 exprimitur,
1440 415 1542 462 tanturn
1552 406 1642 463 venire
1654 408 1769 465 vindicta

144 497 195 550 ruit
211 509 288 564 quam
301 494 326 547 in
343 491 460 546 liomaua
476 493 552 558 urbe,
575 507 634 564 qaue
659 491 833 562 praecaeteris
850 491 928 548 terris
981 490 1094 547 celerius
1107 492 1264 559 postulatur.
1280 494 1345 550 llam
1357 495 1384 552 io
1400 497 1441 553 lnr
1451 496 1556 553 duobos
1571 497 1709 554 versiculis
1722 500 1771 554 do

143 586 340 656 superstitiones
360 585 410 638 sibi
431 586 625 654 satagentium
646 584 804 639 vindicavit?
822 582 930 638 Eleoota
980 579 1060 643 lentis
1073 582 1178 638 animus
1196 583 1370 642 venementer
1394 587 1563 656 ostenditur,
1584 596 1612 644 ιιι
1629 589 1708 656 dieat,
1731 590 1771 646 sic

142 686 177 730 cst
194 691 256 744 ergo
273 675 299 729 iu
316 676 378 742 ipsis
393 677 510 745 poemia
529 675 643 744 Domini,
660 675 765 746 quando
776 677 929 744 superbiam
979 683 1119 744 posueruut
1140 675 1213 747 sipon
1234 693 1281 732 sun
1295 678 1322 732 in
1346 681 1445 748 templo
1460 689 1517 748 tuo,
1542 680 1770 752 quemadmodum

141 786 232 825 corum
247 769 403 826 humiliimis
416 771 501 842 gratia
515 772 698 838 commutavit,
712 769 861 839 perlucens
881 782 928 825 cos
979 765 1067 821 solent
1079 775 1174 822 statua
1188 768 1335 838 principum
1349 770 1375 825 in
1390 772 1484 842 plateis
1498 788 1544 842 per
1558 772 1616 830 loea
1627 774 1697 830 edita
1709 774 1771 830 col·

142 865 167 915 iu
193 863 278 930 pneov,
304 861 385 916 idest
405 862 437 915 ad
463 862 602 916 [lominum
624 862 800 918 salvatorem.
824 859 928 927 Quanta
979 854 1073 922 locari,
1088 866 1115 912 ut
1129 858 1256 913 viantium
1279 861 1409 915 memoria
1422 861 1486 916 visis
1499 863 1596 918 talibus
1610 862 1769 920 instruatur.

141 951 210 1005 enim
223 951 413 1006 violandissiuva
429 951 483 1005 illic
496 959 559 1006 sunt
577 951 651 1022 signa
665 948 842 1020 templorum!
857 949 928 1016 Quot
978 945 1049 1014 Quid
1061 951 1131 1002 enim
1142 950 1332 1007 exsecrabilius
1346 968 1425 1022 quatu
1441 964 1469 1008 ut
1479 955 1529 1010 boe
1539 955 1669 1011 auderem
1680 957 1771 1012 locere

143 1044 319 1099 ecclesiarum
333 1044 481 1100 coeiestium
503 1053 530 1098 et
541 1043 678 1098 beatorum
696 1051 843 1112 martyrum
857 1040 927 1096 dovva
979 1038 1005 1092 in
1024 1040 1205 1109 penetralibus
1215 1043 1319 1112 templi,
1338 1045 1434 1114 quoda
1447 1047 1584 1117 sacrilegis
1598 1051 1770 1119 presumitur

142 1135 307 1190 vrvicuvrnntl
324 1133 359 1191 Ut
381 1135 499 1204 utrisque
514 1135 675 1204 conspectis,
703 1148 796 1188 revera
810 1132 927 1201 potentia
979 1129 1006 1183 in
1030 1129 1143 1200 plateis!
1164 1133 1293 1202 Sequitur
1313 1136 1364 1190 alia
1385 1139 1592 1207 comparationis
1615 1142 1770 1198 vuiseranda

142 1225 302 1296 intelligatur
315 1224 420 1280 bomini
434 1225 543 1289 Christi,
560 1227 604 1295 qni
625 1239 657 1279 ex
672 1233 724 1279 tatu
745 1223 927 1293 superstitiosa
977 1221 1148 1289 conquestio,
1166 1232 1194 1277 ιιι
1215 1223 1249 1278 ita
1266 1225 1335 1280 dieat
1344 1228 1443 1293 jouarre
1456 1227 1513 1284 illas
1537 1231 1627 1299 templi
1641 1248 1770 1290 reveren·

141 1318 217 1385 plebe
244 1317 356 1372 reddidit
389 1316 584 1373 sanctissimam
613 1317 757 1373 civitatem.
785 1315 925 1386 sequntur,
977 1309 1078 1367 dissimi
1098 1313 1229 1369 securibus
1243 1317 1429 1386 comminutas,
1442 1321 1666 1389 quemadmodum
1687 1326 1768 1381 exci-

139 1418 233 1473 puauto
246 1408 400 1481 molipootos
416 1419 452 1462 est
464 1408 581 1463 ivrimicus
595 1409 620 1462 iu
636 1410 730 1462 sanctis
748 1407 819 1461 tuis!
839 1404 928 1460 luivid-
977 1401 1083 1458 toribus
1098 1402 1230 1472 lignorum
1242 1407 1316 1463 silvae
1330 1410 1417 1467 solent
1432 1412 1708 1484 prebereliccntiam
1723 1417 1770 1473 nbi

140 1518 182 1553 cns
198 1501 326 1572 significat
340 1499 464 1575 populqm
480 1499 671 1566 llomauorum,
684 1499 729 1569 qui
749 1498 794 1553 illo
807 1509 927 1567 tempore
978 1493 1065 1549 nullus
1084 1505 1186 1562 custos,
1210 1500 1299 1555 nullus
1320 1503 1470 1559 contrarius
1492 1504 1634 1562 iuvenitur.
1657 1510 1769 1580 Antiqua

140 1593 220 1649 lsient
234 1591 333 1646 dictum
344 1589 395 1662 est)
407 1591 515 1658 insignis
528 1589 660 1645 idolorum
671 1589 757 1647 cultor
767 1589 925 1646 habebatur.
978 1594 1065 1639 autem
1076 1578 1197 1655 jon'ensa
1211 1588 1279 1644 lano
1294 1590 1378 1649 dictas
1391 1608 1451 1649 csse
1470 1595 1619 1664 voluerunt,
1632 1599 1703 1668 quod
1720 1615 1770 1670 per

138 1685 187 1751 Qui
204 1684 357 1755 molipnotvs
369 1694 405 1739 eat
419 1685 446 1737 iu
460 1683 526 1738 loeis
540 1684 634 1746 sarreria
647 1684 712 1755 ejus,
722 1681 827 1753 quaudo
839 1696 927 1739 sacer·
977 1676 1062 1745 ipsum
1076 1678 1139 1750 unul
1156 1680 1197 1750 (ut
1210 1683 1350 1753 putabant)
1372 1686 1535 1753 preberetur
1548 1689 1694 1759 ingressos.
1711 1693 1770 1748 dd·-

138 1777 214 1831 dotes
240 1784 346 1846 totaque
370 1775 516 1834 ministeria
539 1777 620 1849 250
643 1775 734 1856 templi
757 1774 783 1830 in
806 1775 923 1845 praedam
939 1763 1043 1823 Bdidit
1062 1784 1179 1842 quoque,
1194 1775 1220 1827 iu
1235 1773 1357 1846 idipsum,
1379 1775 1406 1832 iu
1422 1781 1521 1850 templo
1535 1782 1647 1847 scilicet,
1663 1793 1692 1839 ιιι
1705 1785 1770 1842 lacti

140 1869 219 1922 missu
244 1875 402 1939 patuerunt,
430 1878 577 1936 cunctaque
600 1880 665 1937 gens
685 1864 856 1921 iletreovnm
880 1875 926 1921 ant
977 1859 1090 1929 qualitas
1105 1862 1363 1929 delocirevereutia
1380 1867 1561 1936 plnsdolcret.
1581 1873 1714 1944 Sequitur.
1730 1879 1773 1931 ei-

138 1959 226 2028 gtadio
249 1958 392 2031 subjacuit,
422 1970 467 2014 aut
482 1958 629 2028 captivitati
643 1957 780 2028 subjugata
804 1957 923 2013 servivit.
977 1953 1054 2017 bedul
1068 1963 1093 2006 θ’
1111 1954 1181 2009 ‘¹⁸⁶¹'ss
1200 1956 1347 2028 dejerarunt
1360 1976 1428 2014 eutu-
1443 1959 1563 2031 Bipeoui.
1576 1974 1618 2019 est
1631 1966 1656 2019 in
1677 1967 1768 2037 plagas

139 2052 195 2107 tluc
209 2052 278 2106 cuim
293 2051 372 2106 nimis
391 2051 550 2107 acerrimum
565 2050 664 2106 bellum
678 2049 790 2121 losepbi
811 2049 925 2107 Historia
976 2041 1107 2112 lituorum
1120 2045 1218 2103 fertum
1230 2048 1264 2103 ab
1278 2059 1391 2121 utraque
1403 2063 1477 2121 parte
1492 2054 1641 2121 formatum,
1656 2059 1728 2128 qnod
1740 2060 1768 2115 ip

138 2155 239 2215 septem
254 2141 617 2198 pppfpscetppfppdeserturi,
976 2133 1131 2190 excidendis
1154 2137 1271 2193 trabibus
1291 2152 1474 2210 competenter
1487 2154 1602 2223 aptatur.
1630 2145 1705 2202 Dicta
1726 2158 1768 2203 cat

172 2235 249 2290 l'ers.
277 2235 303 2288 i.
328 2232 362 2288 te
379 2233 481 2306 plorimi
500 2242 558 2288 runt
575 2234 619 2303 qui
639 2230 747 2288 oderunt
766 2241 789 2287 ie
801 2233 828 2287 io
841 2233 924 2288 medio

138 2327 206 2378 atrio
220 2335 283 2391 too,·
299 2333 438 2396 posuerunt
448 2325 522 2395 siquo
536 2339 583 2378 svo
594 2324 678 2395 ripun,
692 2333 715 2379 at
731 2340 781 2378 nou
802 2340 925 2394 cognone-

138 2425 205 2469 ront.
223 2414 288 2469 ilinc
300 2415 355 2484 jam
375 2429 422 2482 per
436 2424 618 2484 contemptum
639 2415 813 2470 sacratissimi
833 2413 924 2483 templi

140 2506 225 2575 nvnjor
240 2507 265 2559 in
281 2513 471 2575 praesumentes
484 2504 579 2560 crescit
591 2505 707 2570 iuvidia;
724 2515 752 2559 ut
762 2503 845 2575 ipsam
859 2519 925 2574 quo-

976 2235 1065 2278 antcm
1076 2226 1109 2279 ab
1120 2241 1152 2280 eo
1166 2228 1237 2296 quod
1251 2226 1379 2284 bisacuta
1395 2230 1439 2285 sit.
1457 2231 1570 2287 Pinnum
1580 2234 1651 2289 euim
1662 2237 1767 2305 antiqui

976 2325 1082 2369 actutum
1094 2316 1229 2374 dicebaut.
1249 2318 1336 2387 decio,
1352 2320 1377 2377 id
1390 2332 1431 2378 est
1442 2320 1541 2379 serrum
1555 2325 1581 2380 in
1596 2327 1693 2381 obunci
1707 2329 1766 2384 nasi

977 2421 1051 2460 more
1065 2418 1214 2475 curvatum,
1231 2425 1367 2481 perquam
1382 2429 1476 2470 roanos
1486 2415 1596 2474 artisscis
1608 2392 1780 2490 diligentius

976 2497 1219 2568 persequiturquod
1230 2511 1333 2557 eovvstat
1344 2502 1681 2564 minutiusabscidcndutn.
1694 2509 1768 2580 Ergo

977 2598 1003 2640 ut
1015 2590 1147 2644 civitatem
1164 2591 1237 2645 illam
1257 2595 1380 2649 ostendat
1392 2597 1509 2652 [nuditus
1529 2598 1611 2655 luisse
1623 2612 1765 2671 vastatam,

977 2696 1022 2750 per
1039 2681 1094 2736 lvaec
1109 2683 1285 2740 instrumenta
1300 2686 1413 2750 fabrilia.
1430 2700 1457 2745 et
1472 2705 1580 2760 magnas
1592 2708 1635 2747 res
1646 2695 1726 2750 simui
1740 2705 1769 2752 et

138 2600 280 2658 dammodo
293 2599 461 2656 Divinitatem
474 2599 667 2668 cointempsisse
678 2598 807 2663 rideatur,
818 2597 925 2669 quando

138 2703 237 2750 sanctae
257 2692 393 2764 religionis
414 2689 528 2746 violator
545 2690 675 2760 arguitur.
699 2687 751 2745 Sed
770 2703 830 2743 cum
844 2703 926 2744 omne

138 2785 226 2839 ,cerus
239 2782 336 2839 deppae
355 2781 481 2851 subsequr
504 2780 653 2852 penitudo,
678 2779 721 2836 pjp
737 2778 851 2849 positum
872 2786 923 2846 prr,
977 2775 1145 2840 parvissimas
1168 2776 1233 2831 dicit
1256 2793 1316 2834 esse
1330 2780 1458 2849 deiectas.
1476 2782 1608 2853 Quidquid
1623 2785 1695 2841 euim
1721 2798 1768 2843 aut

139 2876 242 2947 gloriati
254 2885 323 2942 cnut,
337 2883 366 2930 ut
380 2889 432 2930 nou
446 2874 532 2928 solnm
548 2887 683 2941 peccasse,
699 2874 746 2928 sed
761 2873 848 2943 ipsum
860 2888 924 2941 quo·
975 2865 1089 2933 ‘libelli‘
1106 2865 1240 2933 excidere,
1264 2880 1309 2924 ²⁰¹
1328 2872 1397 2925 fluvia
1412 2874 1535 2943 persequi
1559 2875 1653 2944 potuit,
1670 2891 1769 2932 manus

138 2983 190 3036 „ue
205 2967 301 3022 ,napum
312 2966 343 3021 „p
356 2965 466 3037 gloriam
478 2980 552 3020 suam
566 2965 679 3030 puisse
691 2965 855 3021 „ppgpgmug
870 2963 923 3017 gp.
976 2956 1126 3009 truculenta
1136 2955 1243 3027 dejecit.
1253 2958 1310 3024 Quo
1321 2960 1381 3017 loeo
1391 2961 1633 3034 adexpriroendnnv
1645 2967 1768 3026 dolorem

137 3059 204 3114 utun
219 3059 310 3122 erran,
326 3058 370 3128 qvi
383 3067 408 3112 o
428 3057 550 3125 provin,
567 3067 595 3111 nv
618 3057 812 3128 patrecinium
828 3053 922 3110 debem
976 3046 1122 3115 proptera,
1145 3048 1269 3105 terente
1283 3066 1378 3109 seusus
1393 3054 1441 3116 ille
1453 3058 1659 3124 uouendusest:
1677 3058 1768 3117 Video

138 3148 274 3214 sustiueri,
288 3147 359 3219 quod
374 3149 407 3204 ab
419 3148 533 3203 inimicis
546 3147 716 3218 cognoscitur
730 3153 919 3217 perpetratum.
937 3137 959 3200 C
974 3139 997 3192 ui
1008 3150 1044 3192 est
1056 3139 1278 3196 dolurtecuudum
1287 3143 1401 3199 dolorem
1415 3163 1500 3202 utrum
1513 3151 1556 3219 qvi
1570 3150 1652 3220 [ector
1667 3161 1705 3207 ert
1717 3154 1766 3207 ovi·

136 3238 271 3309 qupij
283 3239 310 3290 pp
326 3236 408 3290 pepp,
430 3237 497 3290 amp
514 3246 568 3290 too.
584 3236 640 3291 ”00
660 3236 693 3291 ad
717 3251 839 3307 magnum
853 3249 920 3291 epp.
973 3229 1009 3282 lvi.
1028 3227 1333 3289 beditmebumtumin
1349 3237 1574 3305 alandraeum
1593 3252 1680 3312 potero
1693 3255 1768 3301 ctare

136 3339 262 3400 temptum
285 3329 399 3398 pertinet
409 3328 610 3396 exprimendum
623 3370 630 3394 ,
644 3337 674 3383 ut
688 3343 741 3382 non
754 3330 780 3382 in
800 3339 922 3385 extremo
972 3319 1079 3388 (Tim
1092 3338 1111 3386 Ι,
1121 3323 1164 3390 ¹2,
1178 3323 1234 3393 ¹⁴)-

133 3420 222 3489 uliquo
235 3418 305 3487 loco,
320 3417 366 3474 sed
379 3420 405 3473 iu
420 3419 503 3474 medio
525 3419 600 3484 ivirio,
617 3419 788 3489 sacrilegiam
807 3421 920 3475 commi·
1010 3409 1083 3467 Vels-
1096 3414 1122 3466 ὕ·
1132 3411 1303 3470 luteudeluul
1315 3418 1369 3491 feu?
1378 3423 1684 3488 mecledonensem-in
1696 3435 1769 3481 lem

133 3513 200 3565 giggg
215 3509 346 3565 dicantur,
360 3508 436 3576 Quod
450 3509 661 3579 arptgmaddidss,
676 3511 750 3582 gipna
773 3512 919 3584 gppagipna,
971 3503 1117 3571 polluerunt
1138 3505 1330 3563 todemtrcttluut
1355 3512 1465 3567 ttomittt's
1485 3516 1532 3569 itlt'.
1556 3515 1656 3572 crescii
1670 3518 1764 3585 dolor,

134 3611 158 3653 et
178 3616 228 3654 nort
241 3609 426 3670 coquoverunt,
442 3600 544 3656 scilicet
556 3601 668 3672 aquilas,
686 3601 826 3670 dracones,
841 3614 919 3659 caete.
971 3594 1014 3647 ubi
1026 3594 1162 3651 calamitas
1172 3598 1318 3654 eversionis
1328 3611 1449 3671 augetur.
1463 3604 1552 3660 Potuit
1565 3608 1636 3661 enim
1648 3609 1766 3679 bipennis

134 3705 214 3759 raquo
229 3689 324 3760 quibus
339 3691 366 3745 in
380 3692 471 3760 praelio
487 3692 524 3745 uti
547 3691 649 3748 solebat
664 3691 801 3748 liomauus
817 3694 919 3749 exerci·
969 3687 1074 3740 ‘limfa
1087 3687 1143 3741 ⁸⁰¹³
1155 3688 1224 3759 ¹38²a
1235 3689 1386 3757 wnildeffl·
1399 3693 1486 3748 “idid
1496 3704 1657 3763 lssslfemffln
1670 3698 1765 3769 ignem

135 3793 176 3837 tus
189 3799 197 3850 ;
212 3792 257 3837 aut
270 3792 343 3839 uerte
356 3791 457 3839 statuas
468 3784 632 3839 monimenta
645 3783 773 3852 victoriae,
790 3799 855 3857 quas
869 3785 919 3840 im·
969 3776 1080 3848 ΰθῐιῑῑιῑῑ
1104 3778 1191 3833 ⁰¹¹¹¹lia
1213 3780 1290 3835 Simul
1314 3781 1452 3839 delmi&
1473 3785 1524 3841 Sed
1539 3786 1614 3856 illd,
1636 3803 1714 3860 ¹⁰8⁰,
1729 3790 1766 3847 de

132 3882 359 3943 perarprppppppa
381 3871 496 3928 forpices
518 3883 654 3943 portarum
670 3873 696 3929 io
718 3874 773 3928 suis
797 3874 918 3931 laudibus
969 3868 1080 3936 privans
1094 3870 1216 3927 domibus
1236 3870 1294 3927 fieri
1315 3873 1411 3944 potuit,
1427 3876 1471 3930 ubi
1488 3876 1561 3933 luror
1575 3877 1681 3935 hostilis
1703 3897 1761 3936 sats

132 3965 278 4037 erigebant.
294 3965 416 4033 Sequitur
432 3967 512 4021 etiam
525 3979 585 4020 cum
596 3964 690 4021 dolore
700 3965 810 4028 dictum,
822 3968 917 4036 sipon,·
968 3961 1067 4013 ciderio
1082 3961 1185 4017 Domini
1207 3977 1260 4018 noo
1271 3965 1411 4034 pepercit?
1425 3965 1501 4035 Quod
1519 3970 1696 4040 autemdicit,
1710 3974 1769 4044 iqui

132 4072 159 4116 qq
169 4060 225 4132 ipsa
235 4057 356 4132 ggpgpipip
366 4058 399 4113 gd
410 4058 554 4115 vindictam
563 4058 679 4116 celerem
689 4059 917 4131 justumedicem
967 4052 1152 4116 i'ttcertderttltl,
1176 4054 1202 4109 in
1223 4055 1394 4112 saecularibus
1415 4058 1509 4114 litteris
1532 4061 1642 4116 slhdlna
1663 4062 1764 4120 dicitu!

130 4163 319 4209 covumoveret.
335 4153 400 4219 Quas
414 4151 496 4223 ngura
517 4153 613 4209 dicitur
627 4152 789 4224 epembasis,
811 4153 917 4223 quoties
967 4142 1149 4212 ll¹²⁰l¹³⁸m⁰ssv
1163 4144 1207 4199 ubi
1218 4154 1245 4200 et
1259 4146 1421 4215 wdefflffllffl
1432 4150 1530 4219 illium
1544 4151 1605 4220 9⁰¹¹?
1617 4151 1656 4208 ‘²⁸
1668 4164 1722 4209 est.
1736 4155 1765 4211 lu

130 4245 163 4300 ad
186 4245 305 4301 auxesim
320 4243 465 4301 faciendam
478 4245 511 4299 de
526 4244 614 4300 vicino
626 4246 718 4301 endem
739 4246 820 4302 verba
833 4249 916 4317 gemi-
966 4238 1109 4306 Sutlllllllis
1120 4252 1182 4294 “³¹⁰
1194 4237 1292 4295 divinis
1302 4239 1342 4311 (nt
1354 4241 1418 4296 ¹¹¹th
1427 4242 1544 4314 bdelli)
1553 4244 1777 4316 ”millium

131 4348 236 4405 riantur,
251 4338 394 4394 ostendeus
407 4338 467 4409 quia
484 4337 607 4412 humanis
622 4348 662 4393 est
684 4338 785 4394 viribus
799 4341 916 4409 applica·
965 4330 1099 4394 willemi,
1116 4330 1161 4385 ulli
1176 4338 1260 4385 totum
1271 4332 1345 4398 tilde.
1359 4342 1443 4388 totum
1457 4336 1649 4402 necessarium,
1659 4346 1764 4396 totum-

130 4439 196 4495 tnm,
220 4428 288 4496 qnod
307 4426 395 4481 divina
423 4427 508 4483 luerat
532 4428 730 4498 dispensatione
744 4430 913 4499 permissum.
965 4435 1016 4492 (1¹¹0
1030 4420 1175 4491 deificium
1186 4431 1228 4478 0⁵²
1240 4438 1249 4490 ι
1263 4427 1309 4479 ⁵0⁶
1323 4426 1407 4495 madii
1422 4439 1468 4495 per
1479 4427 1549 4482 huuc
1561 4428 1670 4484 mudum
1687 4429 1763 4487 locu·

129 4521 193 4574 Nam
209 4529 237 4575 pr
250 4519 319 4575 pune
342 4532 449 4575 pensum
464 4518 599 4591 iprpttigas
613 4534 672 4577 esse
685 4533 854 4591 compium,
871 4523 913 4578 pn.
928 4518 953 4579 1)
965 4515 1044 4569 tionis
1058 4513 1158 4569 dictum
1171 4513 1299 4570 debemus
1314 4516 1467 4585 advertere,
1481 4518 1549 4572 sicut
1564 4532 1613 4573 usu
1626 4519 1761 4576 dicimus:

129 4611 198 4678 tulit,
211 4621 234 4667 et
249 4628 299 4667 uon
316 4619 495 4683 coposuerunt.
520 4611 597 4679 Quod
609 4611 632 4668 si
646 4613 843 4682 cognovissent,
866 4613 912 4671 tibi

129 4704 217 4774 unque
235 4703 411 4760 reddidissent
426 4703 574 4771 sacrificiu
594 4719 647 4759 vton
664 4712 754 4759 autem
768 4705 913 4775 elegissent

127 4792 160 4847 ad
169 4794 317 4849 daemonnm
328 4793 416 4849 redire
425 4793 551 4850 culturas.
562 4794 626 4864 Qum
634 4794 772 4865 captivitas
782 4797 823 4853 vel
835 4797 911 4852 ruina

127 4886 212 4957 longis
236 4895 294 4954 post
316 4884 478 4957 temporibus
493 4885 562 4941 iacta
576 4896 627 4954 est,
651 4901 730 4957 quam
745 4890 913 4959 cognoscitur

125 4993 185 5034 esse
204 4976 369 5050 prophetata.
381 4976 455 5033 lunc
466 4979 536 5034 euim
549 4976 659 5049 quaudo
678 4979 728 5034 ista
741 4979 912 5047 dicebantur,

126 5067 252 5139 templum
276 5067 362 5124 adbuc
381 5067 555 5140 ierosolymis
580 5083 632 5123 non
656 5070 912 5136 erat-constitutum,

126 5163 223 5231 quiippe
241 5162 311 5230 quod
330 5175 346 5214 a
360 5159 502 5216 Salomone
517 5160 571 5215 illio
584 5159 667 5230 ipsius
681 5159 778 5230 legitur
801 5158 912 5215 labrica·

127 5264 190 5305 unu.
209 5249 284 5307 iludc
304 5266 396 5306 revera
413 5251 530 5307 cmlestis
550 5249 696 5321 prophetiae
711 5264 804 5321 magua
827 5250 912 5307 virtus

126 5344 261 5413 apparuit,
276 5351 306 5399 ut
321 5354 383 5400 ante
403 5344 486 5413 ipsius
502 5343 607 5398 eversio
625 5344 816 5414 prediceretur
831 5357 912 5414 quam

126 5437 184 5502 eius
194 5435 357 5489 constructio
372 5433 512 5502 provenire
523 5433 664 5502 potuisset.

162 5522 237 5580 l'ers.
250 5525 277 5580 5.
293 5523 366 5580 Sicut
376 5525 402 5579 io
415 5525 455 5578 oio
470 5539 546 5593 super
558 5539 684 5578 contutum
698 5538 707 5579 :
721 5523 795 5595 quasi
810 5524 836 5578 in
848 5522 912 5578 silva

125 5613 253 5681 lignorum
263 5617 392 5693 securibus
404 5617 552 5672 cecideruut
560 5618 656 5685 januas
670 5619 724 5688 ejas
739 5618 766 5672 in
779 5617 911 5689 idipsam:

125 5704 228 5774 lipsani
242 5715 264 5761 et
278 5707 346 5762 eseia
359 5709 505 5781 dejecerunt
519 5725 585 5765 root.
599 5709 732 5778 Quantum
754 5709 812 5780 plus
823 5709 914 5766 inimi·

966 4604 1154 4661 Auribusvueis
1167 4605 1267 4670 audivi.
1278 4607 1364 4662 oeulis
1378 4607 1445 4662 meix
1454 4607 1508 4663 vidi
1517 4626 1524 4675 ;
1533 4624 1594 4663 cunt
1602 4618 1696 4667 mmcn
1709 4627 1762 4669 nee

965 4696 1060 4753 alicnis
1072 4697 1267 4763 videreoculis‚
1286 4713 1336 4756 neo
1344 4701 1455 4758 auribus
1464 4701 1559 4758 audire
1568 4703 1652 4772 possit
1667 4716 1763 4760 erua-

965 4788 1282 4860 neis.Sequitur.iutcrro
1291 4791 1760 4858 polluerant-ratmerslevenominis

966 4881 1012 4935 tei.
1021 4879 1222 4936 Tabernacolum
1228 4884 1336 4938 nominis
1348 4884 1417 4954 eins,
1427 4886 1555 4956 templum
1569 4885 1618 4941 luit
1629 4886 1704 4957 qnod
1710 4889 1763 4945 Sa·

965 4974 1056 5029 tomen
1070 4957 1531 5046 mvranuiaeurmmoneeumitren,
1548 4979 1574 5033 n
1592 4979 1761 5048 coruscen-

963 5068 1069 5124 catione
1078 5082 1158 5123 orans
1169 5067 1206 5122 ait
1218 5085 1224 5122 :
1238 5066 1294 5141 Epo
1307 5079 1390 5126 antem
1402 5072 1527 5139 edificari
1537 5072 1642 5126 domant
1656 5074 1760 5128 ιιοιιιὶιιι·

964 5165 1019 5233 rjus
1032 5157 1093 5232 (tlt
1106 5159 1168 5230 lieg.
1178 5175 1236 5225 ιιιιι,
1249 5160 1306 5230 il),
1319 5169 1347 5216 ct
1360 5171 1467 5218 coetera.
1478 5162 1549 5220 btud
1560 5178 1625 5235 ergo
1636 5167 1759 5222 tabena-

963 5254 1050 5310 cnlom
1064 5254 1136 5324 quod
1154 5254 1278 5311 visitabat
1297 5257 1524 5326 vindemiastis,
1541 5273 1636 5313 manus
1660 5261 1759 5330 polluit

964 5345 1117 5409 vastatoris,
1130 5354 1156 5400 et
1172 5346 1296 5416 usquein
1312 5355 1410 5402 terram
1428 5348 1539 5404 deduxit
1552 5349 1680 5418 culmina,
1695 5367 1759 5421 quae

963 5437 997 5492 ad
1014 5435 1120 5493 landem
1137 5433 1242 5490 bomini
1259 5435 1440 5505 probabantur
1452 5452 1514 5494 esse
1536 5447 1703 5494 constructa.
1724 5442 1762 5498 lit

963 5536 1025 5583 nota
1035 5527 1106 5598 quod
1122 5528 1147 5584 in
1159 5526 1200 5583 bis
1215 5535 1330 5597 quatuor
1340 5529 1461 5584 versibus
1475 5528 1583 5585 sebema
1597 5529 1663 5584 illud
1679 5531 1759 5586 nobi·

963 5619 1094 5676 lissimum
1119 5621 1224 5690 ponitur
1247 5623 1363 5686 auxesis,
1384 5637 1444 5691 quac
1465 5621 1558 5677 latine
1579 5632 1763 5693 augmentans

966 5719 1141 5782 truncupvtur.
1155 5709 1257 5767 Crescit
1273 5710 1345 5767 enim
1357 5711 1469 5769 subinde
1483 5714 1612 5782 alamitae
1624 5712 1688 5773 iacti
1701 5756 1711 5784 ,
1725 5729 1757 5775 ut
