3794 6128
116 298 167 353 539

707 280 741 335 11.
762 274 901 334 adnutu
922 271 1122 330 cassionuul

1688 260 1741 315 stu

116 409 182 461 linit.
199 404 273 461 battle
287 403 380 457 beatus
394 394 552 453 saibrusius
566 393 592 448 ia
608 392 708 464 lipsano
726 399 827 445 sanetae
841 387 901 456 Epi·
918 385 1014 456 Aquis
1036 381 1244 439 sublimitatibus
1266 380 1413 450 erigantur.
1435 373 1590 447 {lespiciunt
1612 389 1676 446 erqo
1698 390 1744 428 su·

117 497 221 565 plianize
246 491 403 549 mirabiliter
425 487 585 564 declamauit
608 481 824 554 splendidissima
847 480 905 534 luce

117 588 258 642 uerborum
279 582 371 654 (Toat.
388 580 421 642 tt,
443 595 501 649 pap.
517 576 570 632 556
581 574 601 646 ).
624 573 699 641 Qiiod
715 580 803 627 autent
826 570 902 635 uisu,

118 677 192 741 ratem,
212 673 393 727 sinceritatem
412 669 544 736 designat,
567 665 639 734 quod
661 679 766 730 semper
791 675 905 731 parum,

119 779 225 834 semper
238 771 280 818 est
295 760 444 830 timptunm.
458 759 523 813 Natu
541 756 653 811 reiectos
668 756 788 809 inmunes
801 754 833 806 ad
846 752 906 822 pln-

119 856 186 909 riant
203 851 318 911 uirtutis,
335 864 387 903 arou
402 847 434 902 ad
449 848 541 902 silium
555 845 694 901 ebrietatis
708 844 826 900 adducit.
839 843 907 896 sicut

120 943 146 996 ia
167 942 220 996 ulio
243 941 344 1009 psalmo
364 938 431 1017 llicit
443 955 449 991 :
475 936 507 989 Et
528 936 648 1008 poculum
667 941 737 986 taam
761 932 905 995 inebrians,

118 1050 195 1104 quam
210 1030 361 1105 preclarum
376 1040 411 1085 est
424 1028 509 1100 (Psoi.
525 1043 592 1091 ιιιι,
607 1026 652 1094 bl!
670 1024 765 1078 Plenas
779 1037 816 1078 est
829 1025 908 1078 striato

120 1127 211 1196 utique
228 1123 331 1177 llomini
346 1122 434 1175 celis:
450 1119 520 1174 unde
538 1119 659 1188 quamuis
670 1116 771 1185 jugiter
783 1116 907 1179 bibatur,

122 1231 255 1286 riurrquam
270 1223 356 1268 tamea
371 1210 537 1280 expenditur.
545 1208 620 1277 Quod
632 1215 720 1261 autem
731 1206 906 1270 ditit,miato,

121 1307 223 1362 Novum
238 1303 372 1372 Vetusqne
386 1301 517 1371 siguificat
530 1300 739 1364 Testamentum,
759 1313 817 1368 qum
837 1306 907 1351 utra·

122 1409 174 1466 que
188 1394 317 1465 permixta
337 1391 486 1446 animarum
509 1389 629 1445 elllclunt
642 1387 843 1441 saluberrimam
860 1400 908 1456 po·

123 1487 234 1545 tionem.
247 1484 334 1541 ludaei
347 1483 417 1537 enim
433 1483 519 1535 ninum
540 1480 675 1544 biberunt,
698 1476 744 1533 sed
766 1493 817 1531 aron
844 1479 910 1530 atis·

123 1589 198 1648 tuat,
213 1577 277 1646 quia
295 1574 360 1630 Novi
374 1572 538 1628 Testamenti
562 1571 705 1625 noluerunt
722 1569 841 1639 recipere
863 1582 907 1623 so-

123 1671 258 1741 spitatem.
282 1668 399 1736 itemque
423 1662 562 1719 llauicbaei
586 1677 638 1718 noa
660 1662 783 1717 biberunt
802 1662 910 1714 mistura

122 1762 220 1827 aluum,
232 1759 291 1830 quia
304 1758 406 1813 Nouum
416 1756 616 1812 Testamentum
624 1770 657 1810 ea
669 1763 743 1823 parte
750 1754 910 1823 recipientes
926 1786 952 1848 B

956 476 1049 547 perbi,
1071 490 1149 545 quam
1173 475 1208 528 sit
1226 473 1270 526 laic
1292 480 1371 540 turpe
1392 470 1514 525 munium
1529 483 1611 538 pecus
1625 466 1744 527 imitari,

956 576 983 621 ct
1008 565 1168 618 erubescant
1189 577 1219 617 se
1241 561 1302 617 inde
1324 560 1471 631 prolerre,
1493 559 1564 614 urrde
1584 557 1671 612 lutura
1692 556 1747 612 illis

957 658 1114 715 deformitas
1128 657 1297 726 capnosettnr
1312 654 1463 708 imminere.
1481 653 1618 721 Sequitur,
1633 662 1657 705 et
1671 651 1748 705 exal·

956 747 1075 801 tabaatur
1089 761 1184 799 cornua
1192 744 1267 812 justi.
1282 744 1346 810 Quae
1361 742 1442 811 figura
1454 740 1551 795 dicitur
1564 738 1744 805 catachresis,

956 837 982 891 ld
998 847 1038 890 est
1051 837 1167 900 abusio,
1185 835 1290 902 quoties
1305 834 1392 887 aliena
1409 846 1528 886 rerumu
1548 832 1619 885 arriana
1631 847 1683 884 atra
1700 831 1749 882 lra-

958 925 1081 979 bentibus
1102 924 1317 978 cnmmodantur.
1343 922 1444 977 Corrtua
1464 923 1531 975 euim
1547 922 1612 991 jatrti
1636 933 1748 974 munera

957 1024 1020 1069 sunt
1034 1012 1113 1068 laturi
1131 1013 1242 1083 judieii,
1265 1028 1323 1084 qum
1344 1027 1438 1068 resera
1458 1012 1570 1066 lirruiter
1590 1011 1749 1081 eripiantur,

958 1104 1083 1176 quoniam
1099 1105 1125 1160 iu
1141 1113 1240 1160 salerna
1257 1104 1453 1172 pulcluituline
1467 1101 1668 1172 permanebunt.
1685 1099 1751 1154 Pec·
1787 1134 1799 1154 .

958 1208 1071 1250 cetorum
1088 1195 1130 1250 bic
1144 1210 1240 1249 cnrrtun
1256 1194 1387 1259 uidemus,
1403 1211 1461 1265 quae
1478 1195 1514 1248 ibi
1533 1209 1586 1248 non
1598 1204 1674 1248 errant
1686 1209 1693 1246 :
1707 1192 1752 1263 ju·

959 1297 1059 1341 storum
1076 1287 1119 1340 laic
1135 1300 1186 1339 nou
1207 1285 1351 1351 cerninms,
1368 1300 1424 1351 qun
1440 1284 1474 1338 ibi
1498 1292 1625 1352 perpetuo
1639 1296 1753 1336 munere

959 1376 1186 1432 currceduutnr.ll
1202 1377 1336 1430 litrtuililas
1350 1375 1447 1429 eximie
1462 1371 1622 1437 decoranda,
1633 1389 1693 1442 qur·
1706 1373 1753 1426 laic

959 1467 1077 1520 cerneris
1092 1466 1237 1521 destituta!
1253 1465 1328 1532 Qarotl
1349 1465 1434 1533 majus
1456 1464 1568 1534 pretium
1589 1462 1688 1517 babere
1702 1477 1753 1530 po·

961 1557 1022 1612 terit
1035 1557 1118 1612 decus
1133 1567 1217 1622 tutata,
1234 1572 1313 1626 quam
1328 1565 1356 1611 nt
1371 1555 1415 1611 ille
1429 1570 1487 1610 eam
1505 1554 1548 1609 hie
1561 1552 1752 1623 assumpserit,

960 1648 994 1702 dc
1007 1661 1061 1715 qno
1074 1656 1167 1702 euticta
1184 1646 1319 1702 beatitudo
1333 1647 1390 1701 sine
1407 1646 1458 1700 une
1472 1644 1595 1715 gaudebit
1611 1646 1623 1696 l

1229 1754 1365 1811 Conclusio
1380 1757 1481 1824 psalmi.

73 1928 76 1932 ,
124 1856 222 1909 ”0²⁰¹ss
234 1852 301 1921 ¹⁰⁸ss
313 1857 481 1906 mmmm
496 1863 562 1903 ²⁰⁵⁰
578 1848 720 1903 ²⁶¹¹¹⁰¹³¹i⁰
739 1855 909 1916 '⁰⁸p⁰⁸'”¹¹²·
999 1871 1155 1928 Audivimus
1170 1870 1249 1926 acrba
1267 1871 1370 1925 Domini
1390 1887 1441 1926 raon
1460 1872 1494 1926 de
1510 1869 1648 1924 altitudine
1669 1869 1753 1933 coeli,

123 1942 242 2008 Addidit,
256 1950 281 1995 et
295 1940 427 1994 inclinauit
439 1954 471 1992 es
483 1940 530 1992 laec
542 1939 569 1991 ia
587 1937 646 1991 boc.
660 1938 709 1992 llic
722 1936 789 1991 duos
800 1937 912 2006 populos

123 2033 243 2088 absolute
252 2030 394 2102 signilieat,
402 2028 555 2085 ludaeorum
563 2028 666 2083 scilicet
676 2039 701 2082 el
709 2027 840 2097 gentium,
851 2039 913 2095 quo

124 2124 194 2177 niam
205 2137 239 2177 ιι
250 2135 296 2175 ιιι
307 2121 368 2175 tulit
378 2135 431 2174 non
443 2118 611 2175 credentium
622 2116 775 2172 iudeorum
786 2115 856 2186 quud
870 2132 913 2184 po·

124 2213 233 2268 laridum
245 2213 380 2268 conuersis
394 2213 498 2282 populis
509 2212 629 2281 gentium
642 2211 783 2263 inclinauit.
796 2209 869 2264 Felix
884 2217 912 2263 ct

125 2318 217 2359 secura
233 2302 343 2358 relectio
358 2302 392 2356 ab
407 2302 451 2377 illo
472 2302 583 2356 calicem
605 2301 700 2357 salutis
719 2300 850 2369 accipere,
867 2301 912 2368 qui

126 2406 231 2461 semper
246 2391 321 2446 nouit
334 2390 470 2460 prolatura
486 2400 623 2460 praestare.
636 2390 683 2444 llic
696 2389 790 2445 modus
802 2389 913 2445 locatio-

125 2484 168 2538 nis
182 2484 305 2554 prnprius
319 2493 361 2539 est
374 2484 400 2537 ia
422 2484 516 2538 litteris
537 2483 635 2549 sacris,
656 2483 781 2552 quoniam
799 2483 825 2536 in
844 2483 913 2543 scri-

127 2579 211 2647 pturis
231 2577 403 2632 saecularibus
425 2576 478 2647 (ut
497 2573 632 2646 arbitror)
659 2576 703 2629 ria
727 2574 853 2646 praevalet
873 2576 915 2630 in·

126 2667 222 2722 uertici.
502 2722 510 2729 ,

164 2757 239 2814 liets.
254 2758 280 2813 9.
299 2756 478 2813 Verumtamen
498 2757 549 2826 irae
567 2759 622 2828 ejus
639 2774 689 2812 ana
708 2766 745 2812 etl
762 2759 915 2820 exinanita:

126 2850 209 2904 bibent
221 2866 291 2905 ecee
305 2867 390 2905 omues
406 2858 551 2921 peccatores
571 2859 656 2904 terrm
679 2846 766 2905 Foecer
790 2851 915 2906 dicuutur·

962 1967 1009 2021 sed
1024 1966 1058 2020 de
1070 1974 1160 2020 saneta
1177 1965 1308 2034 scriptura
1324 1964 1444 2018 l‘salterii
1458 1981 1465 2017 ι
1481 1964 1523 2017 ιιι
1538 1971 1610 2018 tanto
1625 1962 1755 2017 libentius

963 2070 1115 2125 pareamus,
1125 2063 1224 2125 quantu
1236 2069 1287 2109 nos
1298 2054 1476 2109 cummuniter
1487 2053 1622 2108 intrauisse
1630 2053 1756 2122 diguatus

962 2154 1013 2199 est.
1027 2144 1092 2198 llam
1106 2158 1167 2198 cum
1183 2144 1310 2198 [lominus
1322 2143 1404 2215 llnysi
1419 2143 1521 2198 locutus
1532 2154 1573 2198 est
1585 2143 1684 2214 (deod,
1697 2158 1754 2206 ιιι,

963 2234 1018 2304 lb),
1029 2232 1132 2304 litigare
1144 2237 1303 2301 micuerunt,
1314 2245 1527 2302 coracinpuerunt
1539 2235 1666 2298 tonitrua,
1675 2248 1755 2289 mous

963 2339 1068 2396 quoqne
1083 2326 1145 2382 Sina
1162 2335 1233 2380 totus
1247 2325 1368 2389 iamavit,
1379 2336 1490 2380 cunctos
1502 2335 1588 2380 terror
1601 2329 1696 2380 mortis
1711 2326 1755 2379 in·

963 2418 1041 2484 rasit,
1055 2427 1082 2472 et
1098 2417 1179 2474 vitale
1201 2418 1354 2473 mandatum
1378 2418 1420 2472 sic
1436 2418 1554 2487 peruenit
1572 2418 1605 2473 ad
1624 2419 1754 2488 populos,

964 2516 993 2561 ut
1005 2522 1099 2575 magno
1113 2522 1143 2563 se
1158 2516 1280 2576 putarent
1294 2508 1448 2563 discrimine
1462 2511 1604 2578 perituros.
1618 2510 1658 2564 En
1671 2509 1757 2564 bene-

964 2598 1023 2653 llcia
1040 2599 1145 2654 llomiui
1164 2599 1325 2666 saluatoris,
1340 2601 1361 2653 si
1385 2600 1574 2669 intelligantur,
1586 2600 1685 2670 jugiter
1705 2599 1756 2654 ad·

965 2690 1094 2754 niiranala,
1112 2690 1227 2760 lingnam
1247 2690 1329 2760 ipsius
1343 2690 1461 2760 quotidie
1475 2687 1648 2760 gestamus'in
1663 2693 1758 2747 mani-

964 2782 1023 2837 but.
1052 2769 1179 2837 Voluntas
1201 2783 1334 2837 dominica
1358 2791 1430 2852 patet
1454 2782 1532 2837 uobis
1560 2782 1657 2838 litteris
1681 2800 1758 2841 cnm·

966 2873 1244 2942 prebensadtntnlset
1254 2889 1303 2943 pcr
1312 2873 1477 2940 corporalem
1487 2880 1758 2943 prmstataspecturn,

127 2940 245 3009 reliquie
259 2940 314 2994 riui
329 2940 499 2995 considentes
511 2941 537 2996 iu
550 2940 738 2995 densissimam
757 2941 915 2996 crassitudi-
966 2971 993 3017 up
1004 2962 1074 3015 inm,
1084 2960 1174 3015 corpis
1184 2962 1276 3016 oculu,
1285 2961 1437 3016 ,aqumpqef
1447 2962 1607 3016 insumus,
1616 2961 1758 3032 Nunquam

129 3046 202 3096 ”ems
216 3030 249 3086 ld
262 3046 329 3101 quas
341 3031 409 3087 ⁸⁰¹&
429 3033 568 3098 bellende
587 3033 694 3101 quando
710 3033 796 3102 ¹5l¹¹0l
813 3034 916 3089 1119511·
966 3061 1036 3108 tacet
1049 3051 1072 3106 si
1086 3067 1146 3106 eum
1161 3053 1187 3106 ia
1203 3053 1348 3121 seripturis
1362 3052 1568 3108 suiscousulere
1583 3053 1758 3110 festinemus:

129 3120 219 3188 Ρθῐῑθῐ
230 3120 357 3187 llf⁰¹¹³²ul
370 3134 512 3185 mensus·
528 3119 581 3175 3θᾶ
596 3121 655 3191 quia
674 3121 792 3175 ²⁰1⁰f¹¹¹³
810 3123 914 3191 imum
927 3149 951 3212 c
966 3156 1072 3208 semper
1085 3142 1117 3194 atl
1132 3141 1259 3196 salutaria
1272 3155 1397 3210 responsa
1410 3150 1518 3211 paratus
1531 3151 1583 3206 est,
1597 3155 1645 3197 aee
1659 3143 1760 3199 absens

129 3209 233 3263 calicem
247 3207 373 3275 elisimus,
385 3207 457 3279 juste
469 3208 512 3263 llic
526 3210 630 3277 negauit
643 3213 729 3278 [crem
747 3214 802 3282 ejus
824 3212 912 3266 esina-
968 3232 1111 3302 ‚liquando
1125 3231 1260 3298 pappus,
1277 3232 1298 3286 ,q
1317 3245 1377 3287 epm
1398 3231 1472 3302 pppis
1492 3232 1626 3286 menppp,
1644 3243 1760 3302 amm.

129 3299 221 3362 ailant,
237 3296 363 3366 adquam
384 3297 517 3366 perveniri
532 3296 603 3368 led„
624 3298 774 3371 peruenire]
795 3315 846 3354 uon
866 3317 912 3371 pu-
967 3339 1038 3379 Μ
1052 3325 1218 3393 Quapwme,
1231 3322 1387 3392 abjiciamus
1402 3323 1443 3396 (up
1462 3325 1580 3393 psalmus
1596 3327 1700 3395 mona)
1713 3341 1759 3382 w·

130 3390 200 3452 tult;
216 3389 341 3457 quoniam
356 3389 458 3442 cunctis
474 3388 627 3458 potantibus
642 3388 700 3460 ejus
717 3391 852 3460 plenitudo
863 3407 915 3447 aron
967 3415 1105 3484 pompam,
1128 3430 1188 3483 qu„
1209 3415 1354 3469 ,ceperam
1373 3414 1408 3468 aq
1428 3415 1485 3483 5950
1505 3414 1619 3469 dpqpqu
1638 3430 1762 3472 mem„

131 3479 231 3533 delicit.
249 3477 337 3534 l'ncer
352 3479 424 3534 enim
440 3478 483 3549 irie
498 3495 550 3534 aon
566 3480 671 3547 sordes,
684 3482 731 3537 sed
746 3482 797 3536 ima
814 3482 857 3537 illa
877 3494 917 3536 at-

130 3586 183 3638 que
202 3571 293 3626 ultima
315 3571 369 3626 riui
391 3571 519 3625 debemus
539 3570 670 3641 accipere.
694 3571 759 3626 Nam
783 3572 916 3641 quomodo

131 3663 204 3732 lucer
220 3661 318 3717 babere
333 3661 426 3731 potuit,
441 3661 511 3732 quod
525 3676 628 3716 aterum
642 3669 722 3732 atque
742 3678 836 3732 purum
855 3671 918 3720 ante

131 3757 294 3811 declaravit?
309 3757 361 3812 Sed
375 3763 405 3811 ut
417 3755 449 3811 ad
466 3755 543 3809 istam
559 3753 652 3809 laecem
664 3770 845 3826 cognosceres
866 3757 917 3810 mi-

132 3838 203 3901 nime
216 3845 297 3902 luisse
310 3853 475 3916 peruentum,
489 3847 558 3902 redit
572 3845 605 3900 ad
618 3846 740 3915 poculum
755 3846 862 3916 plenum
879 3847 919 3901 di·

132 3954 212 3995 rens:
227 3939 318 3994 dibeat
332 3957 364 3996 eu
377 3956 406 3994 eo
422 3957 505 3995 omaes
519 3952 661 4010 peccatores
674 3951 757 3996 terroe.
775 3943 823 3996 llic
836 3941 919 4013 siqni-

133 4030 196 4085 ucat
209 4032 291 4102 (quod
305 4046 377 4100 saepe
390 4031 520 4101 diximus)
535 4031 641 4085 ludens
656 4032 681 4085 iu
695 4031 746 4086 une
758 4033 845 4087 saeculi
858 4047 918 4085 cum

132 4117 192 4175 'aliis
212 4121 396 4191 peccatoribus
413 4121 446 4175 de
465 4123 515 4174 isto
537 4120 622 4175 calice
641 4119 793 4185 bibituros,
814 4121 920 4190 quando

133 4211 244 4266 credere
259 4211 414 4277 meruerint,
432 4224 514 4277 seque
535 4208 616 4280 250
634 4208 761 4264 Ecclesiae
781 4209 920 4263 catholicae

134 4304 245 4356 aduttata
260 4302 311 4356 lide
323 4300 517 4370 corrjunxerint.
527 4301 625 4355 (lustres
639 4301 710 4354 enim
730 4299 763 4354 ad
774 4301 845 4355 illam
859 4316 921 4369 par-

135 4402 188 4447 tcaa
201 4393 342 4458 pertinent,
356 4407 414 4459 qum
429 4392 538 4446 credere
553 4390 679 4459 (Domino
694 4392 848 4459 prestante)
863 4405 920 4446 me-

135 4482 228 4538 ruerit.
253 4481 326 4536 llulti
346 4480 415 4536 enim
438 4489 607 4550 peccatorum
633 4480 658 4534 ia
676 4494 724 4534 sna
741 4480 959 4564 obstinatione„

136 4573 253 4629 nransuri
267 4581 337 4626 sunt.

173 4664 248 4718 terr.
259 4664 302 4718 10.
311 4662 367 4735 Epo
379 4673 461 4717 autem
471 4663 497 4716 ia
507 4663 600 4718 secata
610 4662 725 4733 pendebo
734 4678 744 4729 ,·
754 4662 860 4716 cantabo
869 4662 921 4717 Deo

137 4754 227 4810 tncnb.
241 4753 361 4809 Gaudebo
374 4763 397 4808 et
408 4755 530 4809 cantabo:
540 4753 662 4810 Christus
674 4754 738 4808 dicit
750 4753 784 4809 de
796 4753 922 4809 rrrembrls

137 4847 204 4910 suis,
226 4847 270 4916 qui
294 4846 391 4915 gaudet
409 4847 472 4903 darm
495 4848 528 4902 ab
543 4848 582 4902 eis
604 4847 752 4916 gandetum
775 4846 819 4915 qui
836 4853 923 4898 enatat

140 4937 193 4991 Deo
205 4935 294 5004 iacob,
311 4938 372 4992 dum
387 4939 561 5009 psalmodiam
573 4939 640 4993 dicit
653 4938 781 4992 Ecclesia.
794 4937 924 5005 Quaecun-

139 5045 191 5099 que
204 5030 275 5085 enim
289 5028 407 5084 membra
423 5029 490 5084 bene
509 5038 614 5098 perant,
631 5028 689 5083 bne
703 5029 783 5098 (sicut
798 5043 869 5097 sape
882 5028 923 5082 di-

138 5129 210 5173 ctnm
226 5118 278 5186 est)
298 5117 384 5187 Capiti
401 5119 594 5173 rationabiliter
608 5119 785 5187 applicantur.

176 5212 252 5265 Veis.
267 5211 309 5264 11.
325 5209 358 5264 Et
371 5211 456 5263 omitia
470 5226 566 5286 ceraue
580 5220 738 5282 pcccatorum
750 5211 906 5281 consciaqnta
915 5227 925 5276 ,·

140 5309 163 5353 et
178 5301 358 5355 equitabuntur
376 5317 472 5355 cornua
490 5303 562 5368 iusti.
580 5301 650 5356 Ecce
664 5318 714 5356 ιιι
728 5301 847 5367 iudicis,
862 5317 925 5357 ecce

142 5406 191 5444 ιιι
214 5387 411 5462 Oratuipoteutis
427 5389 552 5445 insonuit.
566 5392 631 5445 Nata
654 5392 699 5462 qui
718 5396 779 5447 ant'e
797 5392 927 5461 psallebat

141 5479 167 5534 in
182 5481 309 5539 membris
326 5481 392 5546 suis,
415 5482 493 5536 modo
511 5483 648 5555 cotafriapit
667 5499 761 5537 carrina
775 5484 925 5553 peccatoris.

967 3510 1155 3575 lurmilitatem,
1175 3524 1233 3579 quac
1245 3516 1352 3563 sanctos
1367 3507 1404 3562 illi
1427 3507 1531 3563 coelcsti
1548 3506 1681 3563 clraritate
1694 3521 1760 3563 con·

964 3602 1064 3672 jungit.

1096 3710 1277 3767 Expostulo
1290 3709 1323 3766 ΙΝ
1338 3709 1500 3766 Psanubtt
1516 3709 1621 3766 usal.

969 3802 1001 3857 ia
1014 3804 1099 3872 prtem,
1117 3802 1144 3856 ia
1161 3800 1298 3868 laudibus,
1318 3799 1429 3867 ptumus
1450 3800 1556 3870 Asopia,
1576 3800 1706 3854 staticula
1726 3799 1762 3856 sd

1286 3871 1413 3940 Aarpriot.

1003 3985 1096 4041 Omnia
1112 3985 1191 4041 rerba
1213 3984 1292 4054 bajus
1312 3983 1382 4038 tituli
1398 3997 1429 4038 et
1446 3984 1658 4053 praecedentibus
1676 3999 1764 4055 expo·

969 4078 1109 4134 sitionibus
1128 4079 1227 4134 debent
1250 4091 1311 4132 esse
1328 4077 1479 4131 notissima.
1502 4077 1593 4133 liestat
1607 4093 1672 4148 erqo
1691 4078 1763 4149 quod

970 4185 1065 4226 norum
1082 4169 1170 4224 intulit
1185 4171 1220 4223 nrt
1233 4170 1348 4239 Amprius
1363 4169 1516 4238 explanare.
1532 4172 1629 4241 Aarprii
1643 4170 1765 4242 dirigen-

970 4270 1010 4317 tes
1022 4263 1240 4330 intcrpretaatur,
1253 4262 1298 4331 qui
1313 4261 1366 4329 jam
1383 4262 1443 4317 lidei
1465 4263 1562 4332 aequalis
1582 4262 1666 4328 docti,
1682 4266 1764 4319 rectis

970 4355 1072 4409 semitis
1086 4353 1221 4409 ambulare
1233 4352 1408 4409 contendunt.
1429 4355 1482 4409 llos
1502 4357 1644 4425 alloquitur
1659 4357 1763 4428 Asopis,

971 4446 1062 4501 laudes
1079 4444 1183 4513 Domini
1199 4446 1312 4503 mirabili
1326 4447 1455 4501 uarietate
1470 4447 1623 4502 decantans.

1261 4534 1359 4591 Diuisio
1375 4540 1475 4605 psalrui.

1009 4630 1107 4698 Αιιμιι,
1124 4627 1200 4698 cuijus
1217 4629 1373 4683 uocalrnlum
1395 4629 1561 4699 interpretari
1577 4629 1692 4685 diximus
1713 4631 1765 4702 Sy·

973 4735 1113 4790 naqopam,
1131 4720 1157 4773 in
1178 4721 1260 4788 prima
1281 4729 1355 4788 parte
1373 4719 1532 4790 dirigentes,
1548 4720 1573 4775 id
1589 4729 1650 4784 est,
1672 4721 1765 4776 lideles

975 4811 1117 4881 alloquitur
1131 4810 1257 4866 tranans:
1274 4812 1416 4884 designans
1432 4810 1475 4864 ubi
1490 4827 1587 4864 nomen
1603 4812 1707 4866 [loniiui
1724 4813 1768 4867 la·

974 4910 1045 4955 ctum
1059 4901 1095 4954 sit
1117 4901 1240 4954 uirtutum
1255 4900 1433 4954 declaratione
1446 4901 1625 4954 notissimum.
1642 4902 1765 4957 Secunda

975 5000 1050 5058 parte
1072 4991 1136 5046 dicit
1158 4991 1313 5045 atlntiranda
1335 4993 1531 5061 quagesserit.
1557 4992 1646 5048 Tertia
1671 5010 1766 5051 narnus

975 5083 1085 5136 detritos
1096 5081 1231 5143 admonet,
1244 5092 1271 5134 ut
1284 5081 1338 5135 [ιιι
1349 5082 1459 5137 terribili
1474 5098 1582 5137 munera
1597 5083 1696 5138 ollerre
1712 5100 1765 5138 una

975 5171 1108 5234 alesinant,
1131 5172 1175 5239 qui
1200 5172 1321 5239 spiritum
1347 5173 1492 5241 principum
1507 5172 1616 5228 salutari
1638 5175 1767 5229 cateride-

976 5262 1049 5315 tinne
1063 5261 1192 5329 purificat.
1209 5262 1274 5327 Qum
1290 5273 1377 5331 partes
1389 5261 1593 5331 diapsalmatum
1608 5275 1671 5319 suut
1685 5267 1768 5320 inter·

976 5349 1106 5419 positione
1119 5348 1213 5405 diuisa.

1243 5459 1377 5530 Expositis
1391 5464 1492 5532 paulini.

143 5573 170 5628 ln
186 5575 229 5629 illa
244 5579 343 5647 quippe
353 5577 516 5648 indicatione
531 5576 618 5632 omnis
639 5584 754 5645 potestas
777 5574 926 5630 launriliabi·
1013 5573 1090 5628 llere.
1108 5574 1133 5627 l.
1150 5572 1234 5626 ll'otnr
1248 5573 1273 5626 ia
1288 5572 1380 5627 ludoea
1402 5574 1488 5640 deiru
1503 5576 1529 5628 ia
1542 5575 1628 5630 lsrael
1646 5594 1769 5648 tttuqattnt

143 5679 185 5723 tur
197 5669 347 5740 impiorum,
359 5678 386 5726 ιι
404 5668 539 5725 confracta
554 5668 716 5738 dispereunt,
728 5682 788 5737 qum
808 5665 849 5722 bic
869 5681 925 5720 ma·
978 5679 1067 5718 nemea
1082 5664 1146 5735 ejus.
1163 5662 1253 5718 Potest
1267 5665 1309 5719 bic
1322 5679 1413 5720 sersus
1428 5666 1581 5721 nonnnltau
1596 5667 1685 5725 lacere
1697 5688 1768 5743 qum
