3794 6128
130 257 184 316 tad

741 253 777 310 il.
800 251 939 309 adonta
958 252 1157 313 cassiatam

1716 251 1789 310 79⁸--

130 380 305 452 leetaralem,
319 377 345 431 in
366 388 419 446 qao
435 372 551 429 nturime
568 372 822 429 disertanratoratn
846 388 923 429 cscr·
938 377 1109 445 Aroeperiat
1123 390 1272 446 apparere,
1294 374 1488 430 {annotatione
1501 372 1602 430 debent
1613 370 1687 442 ejici,
1703 380 1768 424 tttttc

131 484 228 531 cernar
241 471 358 542 ingonia.

168 565 246 619 llere.
261 564 288 617 8.
311 560 388 616 Oculi
408 562 458 616 anei
472 576 549 630 anper
563 559 653 628 fideles
668 570 756 628 terrac,
773 572 801 615 ut
821 561 925 616 acdeaat

131 656 159 710 nt
170 671 283 719 rttecaot,⁸
306 653 440 708 ambulans
455 653 481 707 in
495 654 534 707 tio
545 652 727 720 t'ntmocttlutn,
743 655 785 708 bic
797 654 860 707 ntilti
873 655 923 707 nti-

132 746 265 800 tu'ctrulnot.
282 745 379 801 Sancta
395 747 439 800 illa
450 746 622 814 congregatio
638 746 712 799 venit
726 745 759 801 sd
777 747 922 801 secandam

132 846 251 908 partem,
266 849 294 893 et
309 840 376 893 sicat
391 839 514 908 superias
529 838 724 892 abominabiles
738 837 789 893 sibi
805 837 923 893 reddidit

131 921 266 991 iabdeics,
281 929 315 982 ita
331 943 402 983 nunc
417 935 490 983 recte
501 927 667 982 credentium
683 928 803 981 viceram
817 927 923 982 deside·

130 1029 173 1073 tat
185 1019 284 1074 babere
296 1020 472 1074 consortium.
488 1019 550 1073 illos
560 1018 631 1073 enim
647 1018 739 1074 cordis
751 1018 844 1074 oculos
855 1035 923 1089 qaas

130 1111 291 1164 avertebata
312 1109 447 1175 pessimis,
462 1123 533 1162 nanc
550 1123 580 1164 se
592 1109 733 1176 protitctnr
743 1110 847 1164 saciare
860 1124 922 1164 cam

131 1202 242 1255 satietis.
267 1199 373 1255 Fideles
386 1209 461 1254 terre
475 1200 557 1265 tlicit,
572 1201 616 1269 qai
633 1214 682 1269 per
696 1208 780 1254 totam
794 1199 922 1255 muadam

975 467 1147 522 abominabili
1162 467 1348 527 exsecratione
1358 466 1463 521 detrudi
1477 483 1483 519 :
1497 482 1530 521 nc
1544 465 1671 534 paulatim
1686 463 1770 517 noxie

974 543 1152 624 crescentes,
1179 559 1252 614 velat
1272 558 1331 614 dies
1346 572 1394 612 aas
1415 557 1619 613 nebulosissima
1643 567 1769 621 compre·

975 651 1085 706 bendat.
1111 651 1261 705 Peccatores
1282 660 1369 705 autern
1388 659 1463 703 terroe
1476 657 1539 704 snat
1551 648 1707 712 demones,
1719 645 1768 716 qai

975 744 1129 798 universam
1140 757 1247 798 carttem
1260 742 1395 798 deducant
1407 743 1496 813 pravis
1508 742 1720 799 immissionibus
1731 741 1767 796 ad

975 848 1090 891 reatum.
1119 836 1268 893 Peccatores
1292 837 1362 892 eninr
1377 837 1449 906 jaste
1471 836 1609 899 dicantar,
1634 834 1767 903 quoniam

977 939 1134 1000 peccatores
1150 930 1260 986 iaciant.
1286 930 1338 999 lpsi
1352 945 1415 999 ergo
1431 943 1490 983 cam
1510 929 1566 982 sais
1581 928 1710 997 operibus
1723 926 1766 980 ia·

975 1023 1152 1090 tetstciuntar,
1179 1023 1277 1078 animae
1290 1023 1428 1075 bominum
1446 1021 1506 1075 sine
1523 1019 1692 1074 dubitatione
1709 1016 1768 1072 sal-

975 1124 1082 1170 vantar.
1107 1113 1163 1169 lloc
1190 1123 1278 1169 autem
1304 1115 1361 1170 lieri
1383 1113 1553 1170 nranilestuut
1580 1118 1638 1173 est,
1659 1106 1769 1180 quando

975 1206 1052 1260 uobis
1072 1207 1244 1275 compunctio
1261 1206 1440 1276 lacrymarum
1464 1204 1546 1259 diuini
1563 1202 1633 1256 rttris
1650 1200 1769 1253 vuisera·

133 1294 252 1350 babitaat
263 1296 419 1349 Cbristiani.
433 1295 544 1349 Sedcunt
557 1303 645 1349 aatrm
662 1310 770 1357 atreum,
787 1293 812 1346 id
828 1302 879 1362 est,
896 1293 924 1349 in
979 1299 1050 1354 tione
1065 1299 1211 1354 cotticrtur.
1235 1298 1328 1367 Neque
1342 1299 1414 1353 caim
1428 1313 1503 1361 eam,
1519 1293 1626 1365 quanda
1640 1291 1768 1348 voluntas

130 1387 191 1442 lidei
219 1387 320 1444 unitate
334 1395 518 1456 peratanetnt.
536 1387 587 1441 Per
612 1385 682 1440 barac
702 1385 774 1440 enim
797 1386 878 1439 sitam
895 1394 924 1442 et
976 1392 1090 1455 atterrc,
1119 1391 1308 1459 praevalcmas;
1325 1389 1372 1444 sed
1386 1399 1449 1443 tuac
1467 1386 1642 1457 impenditur,
1658 1379 1766 1453 quande

130 1480 237 1547 requies
248 1478 411 1547 designatur,
424 1488 451 1531 ct
462 1477 636 1531 immobilitas
650 1476 747 1530 utentis
758 1475 921 1530 ostenditur.
976 1482 1063 1551 ipsios
1079 1482 1201 1551 largitate
1215 1489 1365 1551 praestana·

130 1567 229 1622 Volant
251 1568 302 1623 boc
315 1569 395 1637 aliqai
412 1577 522 1637 propter
535 1566 722 1622 excellentiam
744 1565 879 1619 dictatant
894 1574 923 1622 et
1012 1573 1088 1630 vers.
1101 1574 1144 1629 ln.
1159 1572 1192 1629 lit
1204 1572 1349 1644 disperdam
1358 1572 1389 1625 dc
1400 1571 1500 1624 ciu'tttte
1512 1567 1616 1622 Domini
1626 1563 1767 1632 omnesqui

129 1658 238 1713 cbristo
263 1659 376 1713 Dttm²no
397 1659 536 1712 evidenter
555 1665 663 1726 aptare;
686 1654 733 1711 sed
756 1656 846 1710 subito
867 1670 921 1710 aon
974 1665 1291 1736 egvratttttrltu‘quitutcm.
1304 1661 1443 1717 Civitatem
1455 1655 1764 1724 Doatinianimanrplam

128 1760 170 1807 est
184 1752 343 1821 pernuntio
359 1750 493 1818 socienda.
513 1750 560 1805 nbi
579 1765 608 1805 se
620 1758 721 1804 nonno
736 1747 802 1820 len..
817 1749 918 1824 nonno]
973 1755 1067 1811 ratos
1087 1768 1146 1808 esse
1169 1755 1293 1807 atterum
1314 1770 1321 1804 ι
1342 1751 1413 1806 utta
1436 1749 1559 1804 attacus
1579 1747 1763 1817 ttspetttttr,

128 1844 280 1898 introducta
296 1851 384 1912 potest
402 1842 538 1913 explicare
561 1857 688 1914 persana.
711 1840 849 1911 Sequitur,
864 1860 923 1898 cat·
972 1845 1108 1915 quaudoa
1134 1859 1180 1897 saa
1196 1843 1344 1898 intentione
1365 1849 1529 1896 removetur.
1550 1837 1724 1902 0crade1is,
1746 1850 1764 1891 o
1810 1876 1815 1897 .

128 1938 504 2006 talantinoiaimrattcttluta,
521 1936 639 1992 bicmibi
659 1936 829 1992 ministrabat.
858 1939 921 1996 ilaec
972 1935 1118 2006 tyrannice
1132 1932 1276 1989 voluntatis
1291 1932 1432 2002 iniquitas!
1449 1931 1508 1986 Non
1523 1930 1621 1986 suflicit
1637 1931 1700 2001 qaia
1715 1927 1763 1985 lto·
1793 1966 1815 1985 .

128 2043 170 2089 est
184 2048 278 2089 revera
293 2031 413 2086 lideliam
425 2030 640 2087 Christianorum
658 2031 798 2086 aranilesta
822 2032 920 2102 proba·
972 2026 1059 2082 ntiaes
1074 2025 1141 2080 mori
1168 2025 1243 2089 iecit,
1267 2023 1314 2080 sed
1330 2024 1417 2079 adbuc
1432 2039 1468 2080 oe
1485 2026 1637 2095 recuperati
1660 2025 1815 2093 possitae

128 2125 176 2188 tie,
193 2133 220 2178 ct
233 2137 280 2178 soa
296 2124 348 2178 vita
360 2123 524 2188 clarescere,
535 2130 563 2178 et
575 2121 759 2177 ntiaisttoram
774 2135 921 2178 courtena-
971 2125 1081 2188 virt-re,
1107 2120 1283 2176 vehomenter
1299 2120 1411 2175 insistit.
1429 2121 1481 2176 Sed
1502 2129 1546 2189 ta,
1562 2120 1693 2185 Domine,
1715 2120 1815 2191 Μ.

128 2215 204 2269 tiotte
219 2213 356 2280 relucere,
372 2219 442 2269 sicat
455 2213 509 2282 jam
523 2212 549 2268 in
566 2212 672 2267 decitao
687 2214 801 2280 septime
815 2212 921 2281 psaltae
974 2216 1049 2270 vides
1063 2213 1322 2284 impudentissimam
1336 2213 1451 2279 bostem,
1468 2224 1566 2283 praesta
1581 2213 1698 2267 calidum
1716 2211 1815 2281 deq

127 2304 921 2369 dictumest:Cumronctosuactusrrit,etcuntaireinnoccttte
977 2307 1138 2371 lensioncm,
1162 2322 1196 2361 ae
1217 2305 1263 2362 ille
1273 2304 1306 2359 ad
1320 2313 1410 2359 votum
1423 2319 1500 2360 saum
1514 2305 1669 2375 perveniat,
1682 2305 1726 2373 qai
1736 2310 1815 2369 tu

126 2397 246 2450 innocent
258 2397 318 2460 ett't,
330 2406 353 2451 nt
366 2413 424 2451 cum
435 2398 513 2451 docto
526 2395 688 2464 ettennon,
701 2405 726 2450 et
736 2412 792 2449 cnon
803 2410 920 2468 poton
975 2400 1054 2456 uotis
1065 2399 1198 2456 intensum
1214 2397 1303 2454 tacere
1319 2398 1462 2452 insatiabili
1482 2397 1630 2452 calliditate
1644 2395 1815 2465 tentam,

127 2491 279 2545 srtltctteria
294 2489 380 2559 (Paul.
396 2505 463 2556 xta,
478 2489 537 2561 98).
553 2489 605 2547 Sed
620 2490 742 2562 qunamitis
762 2487 814 2543 boe
829 2503 879 2543 nec
903 2504 919 2544 a
975 2495 1039 2549 Tuis
1062 2503 1089 2549 te
1104 2492 1210 2555 vorbis,
1233 2489 1286 2544 tais
1311 2489 1563 2544 commonitionibus
1588 2500 1732 2543 exoramus
1793 2512 1815 2555 d

127 2582 203 2638 laicis
214 2582 336 2637 videatur
349 2591 503 2652 exceptum,
519 2591 609 2638 tamen
625 2581 779 2652 specialiter
792 2578 919 2637 sacerde-
973 2583 1078 2650 ludica,
1090 2583 1207 2647 Domine,
1217 2587 1390 2644 nocentcrme,
1402 2579 1704 2649 capugaoimpogauntet
1713 2591 1815 2641 ta·-

127 2673 199 2728 tibas
221 2678 349 2742 probatur
372 2675 541 2742 impositam,
572 2679 602 2727 at
616 2674 683 2728 tales
710 2671 848 2726 ntinisttos
871 2669 920 2726 bo·
973 2674 1142 2744 dpptaltende
1154 2687 1226 2727 ntntn
1237 2681 1261 2724 ct
1276 2680 1392 2737 acutam,
1407 2681 1431 2724 ct
1445 2662 1553 2740 ccturg'e
1566 2670 1592 2722 itt
1606 2669 1815 2739 adjutoriam

127 2765 224 2829 beant,
240 2766 284 2837 qai
299 2765 396 2819 divinis
411 2765 512 2837 regalis
528 2779 579 2819 nan
596 2774 756 2834 repugnent.

135 2928 138 2935 Ι
161 2859 240 2914 l'cts.
257 2857 283 2942 9.
302 2857 363 2912 Non
386 2856 510 2911 ltubt'tult't
537 2857 563 2910 itt
578 2857 660 2910 ntcdio
680 2858 770 2910 doatas
793 2874 854 2913 rnen
878 2858 922 2930 qai

127 2954 191 3022 lucit
204 2953 358 3024 superbiero.
373 2950 468 3008 Adhuc
483 2952 511 3006 in
535 2951 613 3008 dictis
629 2951 812 3023 superioribas
828 2969 920 3024 perse-

973 2767 1047 2820 rttila'.

1244 2925 1377 2982 Conclusio
1390 2923 1493 2996 paulati.

127 3053 221 3110 V⁰i²¹i
240 3053 317 3114 ”09³¹
333 3044 403 3099 ⁰95¹ss
417 3060 477 3099 ⁰⁰¹9
493 3044 682 3114 599991)ῐὸεἰιή
700 3046 783 3103 99559
805 3049 920 3120 9999919
935 3043 960 3107 c
1011 3067 1189 3141 Cognovitaas
1204 3069 1291 3142 qualis
1305 3066 1386 3124 faerit
1402 3067 1452 3121 iste
1465 3064 1655 3122 sanctissimus
1674 3065 1720 3136 qai
1752 3070 1815 3132 ΙΙ

127 3136 281 3208 potationem
297 3156 304 3191 :
322 3152 355 3192 ne
367 3138 523 3193 crederetur
537 3153 583 3193 cos
600 3139 740 3206 probasse,
753 3158 867 3210 quoram
883 3143 922 3198 ia-

129 3229 312 3284 miliaritatem
328 3228 381 3284 sibi
404 3227 546 3283 videbatur
559 3229 716 3299 adjungere.
739 3232 810 3288 Istud
831 3244 920 3291 autern

128 3321 200 3391 qaod
216 3321 314 3391 posuit,
330 3322 356 3374 in
370 3323 453 3375 aredio
467 3324 557 3375 dotatus
568 3339 640 3390 arco,
657 3312 708 3379 boc
719 3326 774 3379 valt
789 3325 899 3398 intelligi
913 3346 919 3383 :

128 3413 190 3482 qaia
216 3412 281 3467 aibll
305 3413 478 3469 commissam
503 3414 562 3467 talis
584 3414 694 3481 babuit,
721 3417 794 3471 nullo
819 3417 921 3474 lattaore

128 3504 297 3574 praeminuit,
311 3504 384 3558 nulla
398 3511 530 3574 potestate
543 3504 647 3558 laetatos
665 3515 720 3572 est;
748 3516 777 3562 ut
797 3509 874 3577 quasi
894 3510 922 3564 in

128 3598 213 3650 rttedio
226 3596 316 3650 doacus
327 3610 387 3650 csse
403 3594 549 3662 videretur,
569 3596 611 3649 cui
627 3595 825 3665 patrisfamilias
845 3615 936 3657 sere-v

132 3703 184 3743 nas
199 3688 304 3742 animas
328 3686 474 3742 arridebat.
496 3686 571 3743 b'nde
586 3689 772 3758 cognoscimus
787 3692 849 3746 talia
871 3708 921 3748 nos

127 3778 227 3834 babere
250 3776 348 3832 debere
374 3778 399 3831 itt
416 3777 548 3846 susceptis
570 3776 687 3848 judicia,
714 3788 743 3834 at
767 3780 920 3838 nullatenus

127 3872 251 3943 pessintis
275 3870 429 3925 bominibus
455 3871 606 3937 iureamas;
632 3884 682 3925 nec
704 3872 782 3926 nobis
797 3874 864 3941 grati
880 3875 920 3930 vi·

127 3964 242 4018 deamat
258 3975 329 4026 esse,
345 3961 389 4032 qai
407 3975 511 4014 morata
528 3961 660 4031 pravitate
675 3960 778 4016 vitandi
791 3970 863 4017 sant.

163 4055 240 4109 Vere.
254 4054 297 4108 la.
316 4053 364 4119 Qui
379 4052 492 4121 loquitur
505 4052 609 4119 iniquo,
634 4068 685 4105 tton
700 4052 793 4106 ditexit
819 4054 846 4108 in
860 4071 921 4108 cca·

127 4155 214 4215 specta
234 4143 368 4198 oculorum
393 4158 517 4195 natorum.
536 4141 569 4195 Et
592 4141 635 4196 bic
650 4155 756 4211 quoque
775 4158 867 4198 versas
887 4142 921 4197 ad

129 4241 269 4311 superiora
291 4238 446 4308 respondet.
462 4236 531 4290 Dicit
545 4237 617 4290 enirn
630 4237 679 4292 sibi
695 4252 748 4291 non
767 4237 921 4308 placuisse,

975 3161 1063 3215 medio
1093 3162 1188 3215 damas
1211 3160 1310 3215 divinae
1339 3157 1552 3213 misericordiam
1582 3165 1610 3213 et
1632 3154 1815 3226 judici-52

975 3253 1078 3307 Dotaiai
1094 3268 1159 3322 para
1178 3259 1268 3307 mente
1281 3249 1400 3304 cantavit
1414 3265 1420 3312 ;
1435 3246 1664 3317 quemadmodum
1680 3261 1793 3304 mae
1810 3280 1815 3299 .

973 3344 1097 3398 absoluta
1111 3343 1246 3410 vitaverit,
1262 3342 1339 3397 bonis
1357 3348 1445 3396 autera
1462 3339 1540 3393 luerit
1553 3339 1707 3408 gratissima
1804 3368 1810 3379 ι

974 3436 1073 3490 cietate
1086 3434 1261 3505 conjunctus;
1277 3430 1508 3501 concupiscentias
1521 3428 1612 3484 cordis
1626 3429 1668 3484 sai
1694 3442 1815 3499 a*

974 3526 1092 3581 bertinia
1104 3527 1297 3581 deliberatione
1310 3525 1463 3595 projecerit,
1474 3533 1502 3577 nt
1513 3526 1613 3576 metito
1625 3522 1698 3577 ltuac
1786 3542 1815 3595 q

974 3630 1077 3671 meraca
1106 3616 1255 3670 obtinuisse
1275 3615 1407 3678 videatur,
1428 3612 1472 3681 qtti
1492 3611 1611 3680 speciem
1626 3611 1815 3681 desides,

972 3705 1036 3760 bilis
1058 3719 1165 3759 corone
1186 3705 1346 3775 digitorum,
1368 3703 1488 3757 dextera
1507 3716 1602 3757 manas
1619 3702 1810 3775 iadesfftt„

972 3798 1104 3869 designat.
1122 3798 1179 3854 lloc
1199 3799 1297 3853 clottaat
1322 3806 1486 3868 tanagrum,
1503 3795 1553 3851 boc
1574 3806 1616 3852 cst
1632 3799 1799 3867 virgine·

972 3906 1084 3957 mattas,
1108 3900 1136 3945 et
1156 3890 1285 3961 quidquid
1313 3899 1355 3945 est
1375 3890 1500 3944 eximium
1517 3888 1545 3942 io
1561 3889 1699 3953 Ecclesia,
1755 3896 1792 3951 att

974 3983 1062 4038 irttcta
1086 3982 1225 4050 pervenire
1247 3981 1446 4038 dentonatratar
1465 3979 1499 4034 ad
1515 3982 1672 4050 praemium
1700 3978 1785 4038 sicit

972 4071 1037 4129 dicit
1059 4073 1203 4142 Apostolas
1222 4089 1229 4125 :
1250 4071 1287 4126 at
1302 4073 1400 4143 reliqna
1412 4073 1524 4140 reptent
1538 4080 1576 4125 eat
1591 4071 1654 4124 milti
1669 4084 1779 4125 carons

968 4164 1088 4238 justitie,
1104 4180 1180 4235 quant
1193 4163 1281 4216 reddet
1294 4164 1356 4217 milti
1376 4161 1501 4216 dontinus
1515 4164 1542 4216 t'n
1561 4164 1606 4216 illu
1622 4163 1666 4216 die
1675 4165 1774 4233 justet

971 4255 1053 4326 judea
1079 4253 1121 4325 (ll
1149 4254 1216 4308 Tim.
1240 4271 1282 4322 tv,
1309 4255 1347 4326 8).
1374 4255 1452 4309 (lt-bis
1474 4255 1532 4324 ipse
1556 4263 1691 4309 terraram
1732 4248 1769 4304 lat

129 4333 174 4402 qai
187 4340 232 4388 aat
247 4328 344 4397 iaiqais
355 4327 578 4394 detractionibus,
595 4339 640 4381 aat
655 4329 746 4399 pravis
761 4329 923 4385 noscebatur
974 4346 1110 4400 schemate
1126 4344 1211 4400 fertur
1225 4345 1708 4417 9191999335ΰῶ91·Ὶὶ9199119099
1725 4352 1764 4392 π.

128 4422 236 4479 studere
259 4420 411 4490 colloquiis.
428 4420 552 4490 laiquntn
565 4422 636 4477 euim
653 4423 686 4476 ad
702 4431 787 4479 totam
806 4426 920 4494 pertinet

126 4513 197 4586 qaod
208 4511 297 4568 divina
310 4510 394 4581 pietas
407 4521 573 4566 exsecratur.
588 4511 649 4566 Non
660 4512 763 4581 ditexit,
776 4515 918 4584 signifieat,

127 4626 180 4665 nou
195 4607 318 4678 proiecit.
328 4607 390 4663 lllos
400 4608 471 4662 coita
484 4606 561 4676 dirigi
574 4607 697 4675 dicimus,
709 4611 754 4677 qui
765 4612 919 4668 accedendo

126 4700 278 4771 proliciunt,
292 4706 339 4753 aut
350 4696 437 4766 aliqua
448 4697 628 4767 prosperitate
640 4697 830 4767 inclimentum
847 4702 919 4773 qaod

127 4795 217 4862 ntique
232 4808 284 4847 aton
300 4791 367 4847 salet
378 4788 417 4846 eis
433 4790 589 4862 contingere
604 4790 651 4860 qui
666 4794 797 4848 tortuosis
810 4796 920 4853 stodeat

127 4893 231 4950 sentitis
245 4889 396 4946 ambolare.

162 4984 238 5039 Vars.
256 4983 299 5037 tt.
318 4979 348 5035 lo
370 4980 501 5035 matutinis
521 4979 704 5047 t'ntcrtict'eltont
728 4995 814 5033 ontnes
830 4996 919 5048 pccca-

125 5087 191 5133 torct
205 5085 287 5130 terroe.
309 5073 452 5141 Postquam
465 5072 532 5125 dixit
548 5073 678 5126 malorum
694 5071 835 5141 selegisse
850 5085 918 5124 can·

124 5172 228 5235 sortia,
255 5166 325 5221 ttrtde
344 5166 501 5235 plerumque
526 5172 637 5231 pussant
654 5164 763 5218 etenire
793 5173 914 5231 peccata,

124 5276 195 5320 nunc
208 5260 241 5315 ad
254 5258 351 5313 meotis
365 5271 421 5311 sate
437 5256 564 5310 interiora
580 5267 737 5319 conversus,
760 5254 830 5306 illata
856 5267 916 5322 prs·

124 5366 176 5409 teta
193 5350 371 5420 tyrartnicaat,
385 5343 555 5400 vastatricem
571 5344 679 5412 generis
695 5342 819 5409 itamari,
835 5342 859 5397 id
876 5353 919 5398 cst

124 5454 232 5507 pravam
244 5439 396 5495 daemonum
412 5434 624 5504 suggestionem,
642 5433 866 5504 quenadmodum
882 5435 916 5490 de

124 5535 304 5602 poa-tralibas
329 5531 385 5587 sais
410 5528 563 5600 expulerit,
590 5528 720 5584 decenter
737 5530 858 5598 exponit.
881 5526 916 5583 ln

124 5627 268 5696 rttttutiaic,
291 5628 319 5684 itt
341 5623 408 5695 ipsis
422 5622 546 5678 titlulicet
571 5622 653 5677 initiis
666 5621 746 5685 dicit,
761 5623 870 5690 quando
888 5624 914 5677 ia

125 5716 200 5772 vvobis
213 5717 398 5790 suggestiones
412 5713 550 5771 diabolicas
566 5713 639 5773 velut
661 5711 740 5769 dabla
756 5712 914 5783 crepuscula

973 4436 1093 4491 ctoribas
1121 4434 1233 4506 legimus
1257 4449 1318 4490 csse
1337 4450 1498 4491 contexam.
1521 4434 1621 4492 Stellas
1643 4435 1763 4490 videon

971 4527 1105 4597 sphaerica
1123 4525 1288 4581 rotunditate
1303 4526 1450 4596 fulgentem
1467 4525 1554 4581 solem
1568 4526 1657 4596 ipsam
1671 4516 1761 4582 circuli

973 4619 1174 4690 pulcbritadiae
1189 4619 1309 4685 radiare;
1331 4620 1419 4674 lanam
1432 4635 1540 4690 quoque
1561 4630 1665 4676 ecrtum
1679 4610 1760 4671 estin
1801 4588 1815 4695 ,J

971 4712 1041 4767 itanc
1054 4711 1149 4768 venire
1162 4711 1293 4778 loturam,
1309 4710 1417 4783 quando
1429 4711 1550 4766 crescitur
1562 4725 1624 4768 esse
1636 4709 1760 4782 pertete-

971 4803 1005 4859 Et
1017 4804 1080 4860 ideo
1095 4803 1300 4858 consideremus
1311 4802 1386 4871 cujas
1397 4803 1454 4857 bate
1469 4817 1583 4871 persona
1608 4804 1645 4860 sit
1657 4790 1758 4857 meriti,

972 4894 1049 4965 cujos
1064 4894 1206 4964 elegantiae
1226 4893 1434 4963 comprobatum
1462 4893 1528 4948 utin
1552 4894 1659 4949 calculo
1677 4881 1759 4962 15⁰9*

971 5001 1031 5042 esso
1047 4986 1180 5052 videatur,
1196 4985 1242 5055 qai
1256 4994 1283 5039 et
1297 4983 1468 5053 prantiorum
1484 4985 1633 5054 ingentium
1645 4968 1761 5040 consti*

970 5078 1137 5149 dignitatem,
1154 5083 1182 5130 et
1192 5084 1376 5130 creaturarum
1393 5075 1547 5131 coelcstium
1564 5084 1655 5144 portat
1670 5054 1762 5129 imttl·

971 5185 1043 5225 aem.
1059 5168 1144 5222 Pudet
1154 5170 1225 5222 ettita
1241 5166 1333 5221 dicere
1346 5165 1621 5236 peccatisobaosium
1637 5156 1763 5222 cenum·

970 5261 1005 5316 rii
1020 5261 1124 5316 numeri
1138 5258 1475 5327 tecuttdaateprovectum;
1485 5266 1514 5314 et
1524 5259 1597 5328 quod
1608 5248 1766 5315 sanctomm

970 5352 1085 5406 disitnas
1098 5350 1201 5406 meritis
1214 5350 1389 5419 applicatam,
1402 5349 1513 5419 indigne
1529 5349 1593 5404 mibi
1609 5350 1702 5404 brisso
1719 5322 1769 5427 ‘9¹‘

968 5443 1063 5498 latum
1076 5440 1128 5496 Sed
1143 5446 1253 5510 prestet
1267 5440 1356 5495 diviua
1374 5440 1492 5512 potentia
1506 5480 1516 5508 ,
1531 5441 1606 5497 atad
1618 5427 1776 5511 ludlow

972 5546 1034 5587 neat
1056 5546 1131 5586 saum
1142 5529 1260 5600 gaudere
1279 5544 1330 5584 nos
1340 5527 1421 5584 iaciat
1436 5529 1598 5591 remissione
1612 5514 1719 5602 procu¹
1730 5504 1784 5559 ὁ*

971 5622 1014 5676 bio
1038 5631 1223 5691 peccatoram,
1237 5630 1265 5676 ct
1279 5634 1331 5674 tran
1344 5634 1392 5688 pro
1408 5621 1512 5677 metitis
1522 5625 1625 5680 nostris
1637 5598 1790 5682 ΜΝ·

970 5712 1015 5782 qtti
1032 5712 1147 5770 liberare
1161 5712 1234 5769 solos
1249 5712 1376 5783 prevalet
1387 5716 1555 5775 corttttctaca.
