3802 6120
130 253 179 317 iii

740 248 775 307 il.
797 250 935 308 dUllsslll
953 246 1154 311 cusstouttttt

1705 240 1759 300 'l'lb

125 386 182 428 raus
198 370 271 426 illam
285 366 465 433 fructiferam,
485 365 512 420 id
530 374 572 421 est
592 362 698 420 Domini
713 364 915 420 tabernaculum
930 367 953 424 Α
968 359 1130 428 comparati,
1155 355 1315 412 omnimodis
1330 356 1474 426 probantur
1489 352 1592 427 exigui.
1619 352 1657 410 tlt
1671 366 1758 411 cerate

124 461 276 519 subdolosis
300 460 364 532 [cti.,
379 456 510 527 subdolis]
535 457 670 513 mentibus
694 455 816 512 babitare
842 453 916 511 vldc·

125 553 233 611 bauvu.

162 641 239 696 Vers.
255 637 299 693 55.
325 635 417 691 Possit
432 637 558 691 desertum
579 637 604 691 iu
624 646 715 708 stupra
730 650 871 706 aquarum,
892 644 916 689 et

125 739 220 785 terrum
234 729 288 783 siue
301 743 369 796 equo
381 729 408 782 iu
420 729 503 782 esitus
516 742 651 796 oqtturum.

161 820 237 876 vers.
249 819 294 874 36.
313 817 346 872 Et
359 818 493 873 mttomou
506 819 561 872 illic
575 819 728 882 esurientes:
743 825 766 870 et
780 816 917 872 coustitue-

124 923 184 969 rvmt
201 914 327 967 ciuitatem
344 911 518 965 habitationis.
546 908 597 962 lste
618 923 712 964 versus
732 908 765 962 ad
788 907 914 977 populum

125 1005 241 1074 pertinet
253 1001 451 1064 Christianum,
472 1015 586 1070 qrvurum
601 999 712 1054 siccitati
729 997 799 1052 sacri
815 997 914 1064 baptis-

125 1097 204 1152 matis
218 1095 279 1150 data
292 1103 332 1150 est
349 1093 416 1149 unda
429 1093 565 1147 salutaris.
584 1091 684 1160 Stagna
702 1089 773 1144 euim
790 1103 838 1159 pro
853 1088 913 1142 ltin·

125 1186 197 1242 tibus
211 1184 393 1240 Ecclesiarum
407 1182 522 1236 arbitror
535 1182 638 1250 posita,
652 1194 668 1234 a
681 1180 777 1250 quibus
790 1186 913 1248 suscepta

126 1293 213 1347 aqua,
237 1276 330 1347 quieto
345 1276 405 1330 lacu
420 1275 561 1338 retinetur,
575 1273 664 1329 donec
678 1287 755 1327 noum
770 1286 912 1343 regenera-

124 1369 205 1424 tionis
218 1367 334 1439 dignitas
348 1366 499 1438 impleatur.
522 1365 623 1434 stagno
637 1362 769 1432 siquidem
788 1377 803 1416 a
817 1359 913 1416 stando

966 458 1025 503 suut
1039 463 1055 500 c
1068 446 1231 502 tribulatione
1245 446 1373 500 mulorum
1391 455 1414 500 et
1432 447 1537 512 dolore‚·
1551 446 1636 499 raeti
1649 446 1753 516 utique,

967 539 1073 609 quando
1090 551 1137 594 eos
1156 537 1299 593 diabolicae
1313 537 1417 592 insidiae
1431 537 1612 606 perculerunt.
1637 535 1758 594 uecesse

968 643 1010 686 cst
1030 631 1102 686 enim
1126 630 1176 686 bos
1199 630 1274 684 dolor
1296 639 1323 685 et
1345 632 1478 685 tribuistis
1499 630 1689 699 subsequutus,
1708 630 1756 700 qui

967 733 1104 777 auctorem
1119 723 1213 777 salutis
1227 722 1371 793 reliquisse
1386 732 1543 778 noscuntur.
1569 724 1710 793 Sequitur,
1731 734 1758 780 et

966 812 1048 880 effuse
1068 822 1104 867 eet
1125 815 1254 868 eontentio
1274 831 1351 884 super
1364 816 1491 886 principes
1506 831 1604 870 eorum.
1632 817 1758 873 Breviter

966 905 1120 961 sacerdotes
1135 907 1322 962 lvaereticorum
1336 906 1467 977 designati
1482 914 1562 976 atque
1577 908 1661 962 notati
1676 917 1755 976 suut,

966 995 1091 1065 aquibus
1114 997 1213 1052 merito
1235 996 1333 1052 dicitur
1345 996 1428 1064 effuso
1450 999 1599 1063 eontentio;
1625 999 1757 1067 quianon

966 1088 1075 1143 salutavi
1091 1089 1228 1155 doctrina,
1251 1090 1299 1145 sed
1315 1099 1417 1144 tautum
1433 1090 1570 1145 mortifera
1593 1090 1756 1161 loquacitate

965 1180 1143 1246 contendunt3
1162 1180 1259 1252 quippe
1273 1183 1318 1253 qui
1332 1181 1486 1252 Scripturas
1500 1181 1606 1238 divinas
1620 1183 1688 1239 locis
1702 1183 1754 1239 ali·

967 1272 1063 1342 quibus
1073 1273 1232 1344 suscipiunt,
1242 1282 1324 1343 etpru
1339 1284 1413 1344 parte
1423 1279 1539 1331 maxima
1551 1274 1755 1347 derelinquunt.

968 1363 999 1419 lli
1012 1365 1137 1435 quoniam
1152 1381 1199 1420 suu
1213 1367 1332 1422 vanitate
1354 1366 1459 1422 seducti
1480 1377 1552 1434 snut,
1567 1382 1615 1438 pcr
1629 1369 1701 1422 invia
1717 1368 1756 1423 la·

122 1461 195 1517 dicta
209 1468 281 1516 suut.
297 1457 377 1513 Terre
388 1459 460 1514 cuim
474 1456 529 1512 siue
538 1456 618 1525 uque,
631 1453 772 1509 incredula¹
781 1453 915 1522 signiticat
967 1453 1064 1510 buntur
1076 1457 1193 1511 erroris:
1210 1454 1309 1526 quippe
1322 1457 1366 1526 qui
1381 1457 1450 1512 viam
1466 1459 1560 1512 salutis
1574 1458 1717 1525 deserunt,
1728 1466 1758 1513 et

122 1552 203 1608 corda
217 1550 367 1622 gentilium,
382 1562 443 1620 quas
457 1548 543 1617 rigata
560 1544 631 1600 unda
644 1543 830 1615 baptismatis,
851 1558 915 1599 san·
967 1546 1094 1603 tortuosis
1107 1547 1211 1603 semitis
1224 1549 1411 1604 immorantur.
1428 1549 1545 1604 duvliaut
1558 1563 1624 1619 ergo
1639 1548 1683 1604 ubi
1698 1563 1758 1604 ans·

122 1652 165 1698 ctu
184 1641 376 1712 predicatione
394 1639 552 1693 duruerunt.
579 1635 633 1693 Sed
655 1634 681 1690 in
704 1635 756 1690 isto
779 1632 911 1690 benedeio
967 1637 1069 1707 bulant,
1083 1648 1110 1694 et
1123 1654 1177 1711 quo
1191 1639 1294 1710 possint
1308 1641 1448 1710 pervenire
1463 1651 1637 1713 cognoscant.

122 1735 241 1790 collocuti
253 1742 312 1787 suut
324 1733 370 1804 qui
382 1730 489 1787 Domini
503 1743 615 1785 munera
631 1727 747 1799 gloriosa
762 1726 843 1781 nimis
857 1722 913 1780 ari·
928 1698 953 1759 B
1004 1730 1078 1788 Vera.
1092 1733 1138 1788 sl.
1160 1730 1194 1786 Et
1209 1732 1307 1803 adiuuit
1322 1749 1460 1804 pauperem
1473 1736 1506 1788 de
1519 1734 1617 1804 irvopiu,
1633 1742 1656 1787 et
1672 1732 1758 1804 possit

122 1826 204 1881 ditate
222 1825 357 1894 complexi
375 1831 448 1879 sunt.
468 1820 563 1876 Cioitor
581 1828 671 1875 autem
687 1817 856 1873 tottrurtmu
869 1827 912 1874 est
965 1821 1032 1876 sicut
1046 1837 1104 1877 coes
1118 1822 1243 1888 [omiliae.

122 1918 241 1975 Ecclesia
254 1915 397 1977 catholica,
411 1914 438 1968 iu
452 1926 503 1983 qua
518 1911 633 1968 tirmiter
643 1923 673 1966 se
686 1908 853 1964 constituunt
865 1909 910 1979 qui
1001 1909 1080 1967 Vere.
1094 1910 1138 1969 li.
1157 1911 1284 1967 Videbunt
1298 1914 1377 1980 recti,
1398 1922 1424 1968 et
1443 1914 1610 1980 letabuntur,
1629 1923 1653 1968 et
1673 1912 1758 1989 omnia

121 2009 245 2079 superuis
257 2006 423 2078 jussionibus
436 2006 632 2075 obsequuntur.
965 2001 1087 2072 iniquitas
1100 2001 1224 2073 oppilabit
1239 2018 1268 2059 ot
1280 2019 1364 2058 eoum.
1381 2002 1511 2075 Superius
1524 2005 1557 2060 de
1568 2004 1757 2076 arrogantibus

156 2100 234 2156 vers.
249 2100 293 2154 57.
317 2097 352 2152 Et
365 2098 553 2152 eeuviuoueroot
567 2110 660 2175 oqroe,
684 2106 708 2148 et
733 2094 914 2164 plantaverant
966 2094 1101 2150 baereticis
1115 2095 1198 2164 dixit,
1222 2111 1292 2152 nunc
1307 2097 1340 2152 ad
1365 2097 1482 2155 humiles
1496 2098 1644 2154 catbolicos
1665 2096 1755 2165 redit,

122 2191 224 2255 niueam·
240 2196 263 2243 et
276 2189 390 2256 iecerunt
406 2190 517 2256 {ructum
532 2182 681 2238 nativitatis.
965 2187 1100 2258 principes
1115 2188 1220 2244 illorum
1234 2188 1342 2260 jejunos
1356 2190 1495 2261 deserens,
1516 2200 1545 2247 et
1559 2193 1671 2246 istorum
1686 2205 1756 2260 parr-

52 2350 55 2355 ,
157 2282 236 2337 l'ers.
250 2280 296 2335 38.
321 2277 355 2333 Et
375 2277 501 2332 ieuedieit
516 2291 569 2342 eos,
586 2283 609 2329 et
623 2273 786 2342 multiplicati
799 2282 859 2327 saut
873 2270 913 2327 ni·
966 2292 1039 2347 perer
1060 2277 1195 2349 adiutorio
1217 2280 1320 2336 eoelesti
1342 2281 1477 2336 rcliciens.
1503 2282 1555 2337 lstc
1571 2281 1642 2337 euim
1658 2295 1756 2350 pauper

120 2375 181 2438 mis,
195 2383 219 2428 et
229 2374 349 2444 jumento
367 2384 456 2424 eorem
470 2382 521 2422 nou
536 2375 596 2422 suut
613 2366 754 2420 minorato.
778 2363 914 2419 Semiuout
964 2375 1006 2423 est
1020 2367 1085 2422 unus
1095 2382 1128 2422 es
1141 2366 1201 2440 [ms.
1212 2367 1246 2423 G.
1258 2378 1283 2422 et
1293 2369 1346 2435 ed,
1359 2366 1397 2442 in]
1406 2369 1542 2436 omnibus,
1556 2370 1600 2437 qui
1610 2368 1755 2424 mundanis

120 2479 197 2536 egros
215 2470 239 2516 et
258 2461 378 2532 plantant
396 2457 499 2521 uineas,
521 2454 566 2526 qui
583 2467 698 2524 corpora
713 2468 761 2508 sua
776 2453 912 2508 mundatis
966 2457 1101 2515 illecebris
1115 2460 1264 2530 derelictis,
1278 2463 1405 2517 continue
1419 2463 1527 2533 januam
1542 2460 1660 2518 coelestii
1673 2461 1757 2520 mise·

120 2553 242 2609 sentibus
256 2558 424 2620 peccatorum
439 2546 542 2603 ctelcsti
557 2545 726 2600 institutione
749 2544 909 2614 pucilletum
964 2548 1088 2605 ricordie
1104 2550 1209 2620 pulsat,
1235 2559 1264 2607 ιιι
1283 2551 1309 2606 iu
1325 2552 1397 2607 illam
1412 2551 1540 2607 familiam
1555 2561 1693 2607 mercatur
1706 2551 1756 2608 ad-

120 2651 151 2700 ut
162 2642 264 2698 lructus
277 2640 345 2695 illos
366 2640 521 2706 inveniant,
546 2638 592 2706 qui
608 2636 723 2693 Domino
738 2636 847 2706 placere
862 2650 911 2690 uo·
964 2641 1049 2710 mitri,
1075 2657 1134 2712 qum
1157 2644 1228 2699 sicui
1243 2660 1299 2700 oue.
1315 2645 1432 2700 innoxiis
1457 2645 1637 2715 simplicitatis
1652 2644 1758 2701 housia

122 2742 244 2791 suuntur.
271 2731 348 2787 Felix
366 2731 453 2799 labor,
477 2738 622 2800 prouentus
637 2727 778 2794 mirabilis,
795 2725 834 2782 sic
848 2740 911 2797 ope·
964 2732 1136 2790 decorantur.
1165 2735 1220 2790 lloc
1240 2752 1304 2793 curn
1326 2739 1414 2792 sancti
1429 2735 1557 2804 vider'tnt,
1572 2736 1630 2791 sine
1644 2735 1755 2791 dubita·

120 2829 175 2885 ruri
196 2837 225 2884 ut
246 2826 409 2896 Redemptor
424 2823 542 2895 gentium
556 2823 677 2893 placatus
691 2821 776 2892 possit
790 2820 912 2891 agnosci.
964 2826 1037 2882 tionc
1050 2826 1219 2896 gaudebunt,
1244 2828 1307 2898 quia
1332 2827 1438 2884 ltdclem
1463 2827 1610 2898 respiciunt
1624 2827 1681 2883 suis
1696 2841 1755 2885 ιω·

121 2923 189 2994 Ager
203 2921 275 2977 cuim
290 2919 377 2975 dictus
393 2926 435 2972 est
453 2916 486 2972 ab
506 2913 620 2986 agendo,
646 2911 719 2985 quod
742 2911 780 2968 ibi
803 2912 911 2968 diversa
965 2912 1037 2970 tibus
1050 2916 1222 2986 acquisitum.
1245 2916 1303 2981 Quo
1317 2916 1388 2972 lacto
1402 2916 1502 2973 diaboli
1518 2917 1645 2989 iniquitas
1659 2918 1757 2975 obmu-

120 3015 207 3071 rictus
219 3024 299 3067 causa
313 3016 484 3080 peragantur.
501 3004 621 3071 Addidit,
636 3012 660 3058 et
675 3004 789 3073 iecermu
802 3006 912 3075 fructum
926 3026 950 3092 c
965 3013 1066 3075 tescet,
1089 3009 1196 3079 quando
1210 3009 1304 3066 electis
1319 3008 1426 3066 bomtui
1445 3025 1500 3067 uon
1514 3011 1566 3067 crit
1579 3011 1650 3082 quod
1671 3012 1757 3083 possit

120 3106 274 3169 natiuitatis,
289 3115 313 3157 et
326 3102 453 3156 bervedimit
465 3115 518 3164 coe,
533 3108 556 3153 et
570 3096 734 3169 multiplicati
751 3101 812 3150 sent
826 3094 911 3151 nimis.
963 3103 1075 3172 opponi.
1394 3174 1397 3179 .

123 3202 239 3258 Fructus
254 3215 268 3252 a
285 3195 397 3252 fruendo
412 3195 528 3259 dicitur;
544 3199 572 3247 et
586 3191 647 3246 ideo
662 3189 707 3260 qui
727 3187 843 3244 lructum
858 3188 912 3258 spi·
1001 3192 1079 3248 vers.
1091 3191 1135 3248 id.
1153 3193 1216 3261 0qu
1226 3195 1329 3263 sopiens
1342 3205 1366 3250 et
1379 3196 1501 3251 custodiet
1513 3195 1579 3264 tao,
1592 3206 1616 3250 et
1630 3197 1756 3273 intelliget

120 3292 243 3349 ritualem
261 3289 371 3352 iaciunt,
390 3284 578 3342 bencdictione
593 3282 699 3336 Domini
716 3279 909 3351 perfruuntur:
963 3284 1151 3339 misericordiae
1166 3284 1294 3341 Domini?
1313 3287 1443 3343 blirabilis
1458 3288 1576 3357 psalmus
1589 3289 1688 3345 decoro
1701 3288 1755 3347 due

120 3390 187 3452 quos
199 3395 265 3436 veru
282 3376 440 3433 infecundos
456 3388 517 3431 esse
531 3370 692 3442 contigerit,
714 3369 908 3434 absciduntur;
963 3376 1108 3431 conclusus
1121 3385 1172 3431 est.
1191 3376 1256 3444 Quis
1271 3378 1394 3446 sopieusi
1407 3392 1439 3433 ac
1452 3379 1475 3433 si
1490 3378 1593 3434 diceret
1605 3397 1611 3434 :
1625 3380 1677 3447 Qui
1691 3396 1755 3437 rere

120 3473 190 3527 sicut
201 3468 336 3540 Evangelii
352 3466 397 3521 illa
412 3464 536 3530 liculnea,
550 3477 611 3530 qum
626 3460 826 3515 luxuriantibus
838 3458 911 3514 loliis
963 3467 1071 3536 sapiens
1085 3474 1127 3522 est
1139 3467 1256 3522 custodit
1282 3467 1333 3522 ista
1352 3482 1412 3536 qnae
1425 3466 1497 3522 dicta
1512 3479 1593 3534 suut,
1610 3480 1640 3522 ut
1652 3468 1755 3526 Citricti

119 3563 221 3617 tilerilis
234 3558 373 3614 videbatur
385 3554 411 3611 ἰιι
427 3555 524 3626 pistilli.
546 3544 717 3621 Mulilpit‘mii
734 3555 794 3605 soni
810 3559 911 3616 aulem,
963 3570 993 3614 ge
1013 3558 1099 3628 magis
1119 3557 1186 3612 velit
1206 3571 1267 3612 esse
1288 3572 1445 3628 pauperem,
1460 3573 1540 3628 quam
1565 3559 1754 3616 hiep-eticorum

118 3653 225 3725 quando
239 3650 332 3706 fideles
346 3647 479 3704 benedicti
494 3653 601 3702 sanctas
614 3657 710 3713 operas
719 3641 793 3716 [mse.
806 3641 850 3708 A„
866 3638 912 3708 B„
965 3650 1140 3718 principem
1175 3648 1205 3704 iii
1230 3649 1314 3720 erigar
1338 3664 1369 3704 ss
1394 3649 1512 3705 emiseris
1538 3647 1618 3721 liegii
1644 3650 1755 3721 pingam

119 3740 281 3817 opulentias]
297 3741 462 3808 intulerunt,
478 3747 505 3796 et
519 3735 692 3811 gloriosiores
705 3733 768 3789 lacti
784 3741 848 3788 suut
863 3746 912 3802 per
961 3741 1089 3810 januam,
1114 3754 1194 3811 quum
1219 3741 1317 3798 uocem
1340 3743 1422 3796 veisa
1445 3740 1581 3797 nigenii,
1606 3741 1660 3797 tue
1682 3743 1755 3797 enim

118 3840 168 3897 liei
195 3837 306 3910 guttiaru
331 3830 496 3891 fecunditate
522 3830 688 3887 meritorum.
719 3826 911 3897 sedulium!
962 3833 1007 3902 qui
1022 3831 1139 3903 potuerit
1151 3831 1191 3887 sic
1204 3833 1319 3902 eligere,
1340 3830 1379 3888 sic
1391 3829 1532 3911 judicare,
1556 3842 1619 3889 tunc
1639 3832 1755 3903 accipiet

117 3933 231 4005 iumento
245 3943 332 3983 eoram
345 3941 396 3981 uon
406 3920 472 3981 'tunt
486 3922 625 3999 uduoroto'.
640 3919 760 3975 laurento
770 3918 909 3988 simplices
962 3922 1152 3977 uusmiecrdios
1167 3921 1288 3988 domiui,
1313 3937 1374 3994 quae
1396 3922 1470 3979 nullo
1494 3932 1607 3993 possunt
1631 3932 1755 3995 tempore

116 4021 239 4077 homiues
253 4018 382 4075 debemus
396 4014 531 4085 accipere,
557 4012 619 4069 lldei
642 4010 752 4083 quidem
776 4008 909 4080 probitate
963 4014 1111 4072 terminari.

118 4112 262 4186 polientes,
278 4111 325 4167 scd
341 4110 414 4165 nulia
428 4105 616 4164 disertitudine
628 4104 771 4175 gloriosos,
782 4103 909 4159 meliores

115 4204 169 4258 elta
184 4217 264 4274 quam
280 4203 368 4271 lingua
381 4217 387 4253 :
402 4200 546 4271 plurimum
560 4196 691 4261 valentes,
703 4209 756 4250 uon
769 4208 906 4261 sermone,

115 4291 162 4349 sed
178 4291 276 4354 corde,
298 4290 405 4360 quatern
422 4288 541 4342 l‘aninru·
555 4285 668 4356 legimus
689 4284 839 4354 simplicem
859 4282 906 4354 qui
996 4283 1071 4340 licet
1083 4285 1172 4341 omnia
1191 4284 1285 4354 psalmi
1304 4285 1384 4354 buius
1402 4285 1478 4341 suavi
1499 4284 1597 4342 luerint
1616 4285 1752 4356 praediea·

115 4381 282 4435 damonibus
295 4377 449 4448 imperarit.
464 4376 544 4432 Tales
557 4391 621 4446 ergo
636 4389 691 4429 non
705 4380 769 4428 suut
787 4374 907 4430 minores
921 4367 947 4426 Ι)
961 4379 1032 4434 tione
1045 4388 1168 4443 narrata,
1180 4378 1226 4435 ille
1241 4389 1330 4435 tamen
1344 4377 1420 4435 locus
1434 4379 1551 4435 animum
1567 4378 1649 4452 370
1661 4395 1753 4436 meum

115 4470 192 4536 lacti,
213 4471 260 4540 qui
279 4482 401 4539 maguam
415 4468 542 4523 videntur
555 4466 662 4521 Domini
676 4466 791 4535 gratiam
808 4479 906 4523 conse·
960 4468 1092 4538 praecipua
1107 4467 1288 4524 delectatione
1301 4469 1458 4538 permulsit,
1480 4470 1524 4539 qui
1540 4469 1587 4524 lici
1603 4469 1751 4525 Ecclesiam

115 4562 180 4616 cuti.
206 4560 251 4617 Sic
264 4562 314 4615 ista
330 4560 468 4614 bominum
483 4559 536 4614 duo
550 4573 649 4629 genera
665 4558 766 4614 babere
785 4568 905 4616 sanctam
958 4560 1034 4616 brevi
1046 4559 1232 4630 completione
1253 4558 1288 4614 dc
1306 4558 1411 4614 ettrtetls
1426 4558 1494 4614 dicit
1513 4558 1607 4614 muudi
1629 4559 1751 4630 partibus

116 4659 231 4707 testatur
246 4649 408 4706 Ecclesiam.
958 4651 1135 4706 adunandam.
1153 4652 1197 4706 uit
1208 4653 1279 4706 enlm
1293 4665 1301 4704 τ
1315 4647 1355 4704 De
1366 4651 1511 4723 reqiouiius
1521 4652 1684 4722 eonqregrroit
1695 4666 1751 4705 eos.

151 4741 227 4797 Vera.
242 4740 286 4796 59.
304 4738 386 4793 Praei
400 4739 462 4811 sceti
475 4748 547 4808 sumt,
561 4749 585 4794 ct
598 4739 681 4795 nacti
696 4751 754 4795 tunt
767 4758 783 4796 o
797 4741 905 4797 tribule·
957 4742 1052 4799 Aeolis
1065 4750 1125 4798 ortu
1138 4750 1162 4797 et
1177 4758 1279 4807 occaso,
1291 4740 1323 4796 ui
1335 4744 1455 4810 aquilone
1466 4750 1488 4795 et
1500 4744 1576 4798 muri.
1593 4742 1647 4800 Sed
1659 4756 1750 4812 opere

114 4833 184 4888 tioue
196 4830 322 4886 mulorum
336 4841 359 4884 et
374 4830 473 4885 dolore.
958 4834 1071 4903 pretinm
1086 4841 1127 4889 est
1141 4832 1213 4887 ltuuc
1228 4848 1335 4888 versum
1360 4832 1439 4902 paulu
1453 4832 1606 4904 diligentius
1622 4847 1750 4903 perscru-

150 4924 229 4980 Vers.
246 4925 290 4981 lb.
318 4922 351 4977 Er
374 4924 455 4992 effuso
475 4932 511 4978 est
531 4926 658 4980 eontentio
679 4942 755 4998 super
774 4926 903 4999 priempee
958 4927 1022 4994 tari;
1038 4935 1080 4982 est
1093 4928 1165 4982 cuim
1180 4927 1369 4981 astronomicae
1383 4924 1533 4995 disciplinae
1545 4926 1664 4995 optimus
1679 4925 1749 4981 indi·

112 5030 220 5071 eorum:
234 5026 258 5070 et
271 5015 426 5070 seducerent
440 5028 482 5068 eos
497 5029 562 5068 eoru
576 5031 678 5080 cerunt,
701 5024 725 5070 et
741 5016 842 5072 seduxit
861 5032 904 5071 eos
956 5027 1043 5073 cutor.
1067 5016 1187 5072 Dicendo
1201 5017 1273 5071 enim
1287 5027 1402 5086 quatuor
1416 5015 1539 5071 cardines
1551 5016 1654 5082 muudi,
1670 5014 1748 5072 ecbe-

112 5105 231 5173 iuiuoio,
247 5115 270 5160 et
286 5122 336 5160 non
351 5105 377 5158 iu
393 5106 443 5161 uio.
469 5106 497 5161 ln
514 5107 556 5161 bis
576 5106 681 5162 duobus
695 5107 819 5162 uersibus
841 5106 903 5164 illos
956 5119 1028 5163 tuate
1045 5104 1220 5177 quadranguli
1241 5116 1372 5161 terrarum
1398 5107 1491 5161 orbem
1516 5104 1647 5175 depiusit.
1671 5103 1748 5162 littus

111 5197 240 5254 describit
257 5197 302 5266 qui
322 5196 448 5253 baeretica
465 5198 595 5266 pravitate
610 5197 733 5266 decepti,
757 5196 902 5252 Ecclesiam
956 5209 1044 5255 autem
1059 5200 1190 5268 psalmum
1205 5216 1220 5252 a
1233 5198 1389 5255 doctissimo
1404 5198 1483 5254 Putre
1496 5198 1645 5269 Augustino
1656 5199 1746 5268 reperi

113 5291 216 5348 bunrtut
231 5290 440 5361 derelinquuut;
465 5290 498 5343 de
512 5289 608 5359 quibus
622 5289 741 5345 loannes
756 5281 901 5359 Apostolus
954 5290 1037 5346 luisse
1049 5291 1178 5357 divisum;
1194 5306 1273 5362 quem
1289 5291 1325 5346 ita
1340 5305 1371 5347 se
1384 5292 1482 5362 populo
1493 5302 1689 5361 commemorat
1699 5308 1747 5349 cx·

111 5385 194 5441 dicit:
211 5386 232 5439 Α
247 5384 319 5439 nobis
333 5384 464 5449 exierunt,
480 5383 526 5436 sed
540 5399 591 5438 uon
606 5391 679 5437 erum
693 5399 725 5438 ee
738 5384 827 5449 rtoiis,·
842 5401 901 5439 uem
953 5382 1088 5450 planasse,
1098 5384 1257 5453 uteumjam
1271 5397 1323 5439 nou
1335 5383 1403 5441 adeo
1413 5385 1533 5441 crederet
1544 5385 1744 5455 exponendum.

113 5475 227 5530 siement
239 5492 270 5529 ee
282 5476 363 5541 uoiie,
378 5476 528 5530 mansissent
542 5477 629 5547 utique
642 5476 772 5530 noliacum
782 5473 810 5547 il
819 5474 899 5531 loon.
954 5472 1010 5530 lloc
1024 5489 1085 5538 nos,
1098 5474 1125 5529 in
1139 5483 1266 5545 quantum
1281 5488 1439 5531 concessum
1454 5486 1505 5539 est,
1522 5475 1670 5540 imitantes,
1686 5475 1745 5528 uni·

112 5579 143 5629 ιι,
153 5563 209 5635 tt).
235 5565 278 5622 leti
292 5581 356 5638 ergo
370 5571 446 5640 pauci
458 5577 530 5634 snut,
545 5569 669 5640 quantvis
683 5567 758 5622 multi
773 5569 823 5623 sibi
838 5583 901 5624 esse
953 5580 1046 5621 versos
1073 5567 1190 5636 psalmos
1218 5566 1345 5623 adlvibitis
1374 5566 1551 5622 divisionibus
1579 5565 1745 5622 credidimus

115 5651 274 5725 uiduarum
302 5674 363 5714 nam
388 5658 421 5715 ad
446 5659 519 5714 illam
544 5659 724 5715 universalem
752 5658 900 5715 Ecclesiam
953 5660 1129 5726 partiendos:
1148 5658 1299 5724 iudicantes
1313 5657 1545 5722 explanationibus
1565 5658 1668 5714 uostris
1690 5673 1744 5715 uun

1227 4153 1363 4211 Corvelavio
1377 4155 1478 4227 psalmi.
