3802 6120
353 274 381 301 s·

163 323 210 382 671

695 332 699 339 ’
764 317 800 374 il·
821 315 960 374 tttncttt
981 314 1187 374 cessionum

163 439 281 494 muratum
303 434 445 489 eriminum
467 445 551 500 capax
575 445 634 486 csse
661 430 772 486 dicatur.
798 431 863 486 Nam
880 433 949 487 sicut
963 437 986 495 Α
1002 432 1074 485 rsrirxo
1090 444 1142 485 nou
1157 433 1301 489 reddamur
1315 435 1450 502 absentes,
1463 438 1589 507 qnoniam
1606 437 1705 507 ubique
1720 447 1793 494 totus

161 530 279 585 charitas
292 524 450 581 nrnlt'rlarias
465 524 577 578 uirtutes
592 524 722 587 crrrrtinet,
738 522 775 577 ita
789 523 886 576 ruolirio
897 525 950 578 cri·

164 623 235 676 utrina
248 621 353 674 diuersa
373 617 569 686 complectitur.
594 614 729 679 Dispudet
748 631 802 681 eoa,
818 615 844 670 td
866 624 948 680 est,n

164 726 213 767 sue
227 709 420 780 regnoetlieiet
443 709 557 773 alienos,
585 709 629 762 nbi
653 708 948 777 incomprehensibilem

164 815 268 870 merram
281 798 499 865 sustinentmaii‚
515 813 576 854 curn
590 807 690 853 atarto
705 813 816 853 munere
831 798 948 854 reddun-

164 903 205 949 tur
217 894 347 948 extranei.

432 987 567 1042 Conclusio
580 986 682 1056 psalmi.

200 1101 386 1163 Respiciamus
412 1103 481 1156 laune
495 1102 625 1170 psalmum
646 1115 698 1168 qno
713 1099 810 1154 decore
830 1097 949 1167 resplen-

163 1196 245 1251 deat:
261 1193 484 1264 quemadmodum
500 1193 537 1248 ilii
551 1193 753 1246 murmurationi
767 1200 951 1261 competenter

164 1288 287 1357 disjectus
301 1296 355 1353 est,
367 1302 418 1354 qna
435 1286 552 1341 maxime
566 1285 669 1339 laborat
682 1284 841 1337 immanitas.
858 1282 950 1336 Nullus

163 1378 285 1434 inrideat
306 1378 448 1447 perituris3
473 1376 562 1430 nullus
584 1375 674 1430 ielices
698 1377 812 1429 sustinuet
833 1376 877 1442 qui
901 1377 950 1430 sub

162 1467 313 1522 :eternitate
326 1465 469 1520 damnandi
484 1472 557 1518 sunt.
574 1465 703 1518 emensus
718 1465 806 1543 potins
821 1464 952 1536 ‚afflietio-

159 1540 222 1624 ues,
237 1575 298 1628 qnae
321 1558 421 1612 lanciunt
446 1565 574 1626 perpetuo
599 1555 698 1611 felices.
713 1557 778 1610 Nam
794 1559 815 1611 si
832 1572 949 1611 arrraram

163 1642 259 1703 medici
275 1649 408 1717 potionem
424 1662 476 1702 non
492 1645 654 1716 respuimus,
672 1653 701 1700 ut
714 1660 865 1701 mereamur
880 1655 949 1701 tcm-

163 1739 283 1811 poraiem
304 1737 441 1806 suscipere
454 1737 621 1804 sospitatem,
636 1736 697 1802 quis
711 1735 780 1791 istud
796 1752 869 1791 sanae
880 1752 946 1792 men·

162 1830 336 1901 tertuum
356 1843 409 1882 non
436 1828 543 1895 debeat,
568 1827 638 1897 qnod
664 1841 694 1882 se
718 1837 827 1896 propter
850 1837 948 1883 aterna

162 1919 257 1988 gandia
271 1919 361 1973 subire
374 1931 452 1988 posse
466 1906 629 1986 cognoscat;
643 1918 758 1973 maxime
771 1933 831 1974 cnm
846 1919 872 1972 in
886 1919 951 1986 ipsis

163 2011 277 2065 irrisoriis
290 2010 406 2081 amplius
421 2010 568 2080 opituletur
581 2010 659 2063 nobis
675 2008 785 2064 dextera
797 2009 951 2064 Creatorisi

164 2102 197 2157 Et
211 2102 271 2157 ideo
286 2117 337 2156 non
352 2101 481 2157 debemus
499 2115 559 2155 csse
571 2100 689 2165 solliciti,
704 2100 764 2168 quia
779 2116 831 2154 narn
845 2114 894 2155 nos
909 2108 950 2154 ta-

165 2194 198 2248 lis
212 2195 360 2263 impugnat,
375 2192 461 2262 qualis
472 2199 513 2247 ert
528 2191 572 2246 ilie
584 2191 631 2260 qni
646 2191 771 2245 vindieat.

296 2301 476 2359 expositio
496 2300 528 2356 tlt
547 2299 708 2356 Psatttbtt
727 2299 830 2356 xcii

385 2413 454 2469 Suus
467 2416 561 2470 coutiei
574 2415 623 2487 ipsi
633 2414 728 2470 Duuid.

201 2529 292 2585 Virtus
307 2529 403 2600 psalmi
424 2531 502 2589 istius
516 2543 567 2585 nee
579 2530 693 2585 obseura
707 2528 844 2584 nominum
865 2530 951 2586 inter-

165 2621 316 2688 pretatione
328 2621 493 2691 praedicitur,
504 2637 554 2676 nec
569 2621 689 2676 bistoriae
700 2622 812 2691 alicujus
827 2621 951 2677 similitu·

164 2711 227 2766 atine
241 2710 410 2777 declaratum
427 2712 473 2766 sed
489 2711 539 2766 boc
551 2721 644 2782 aperte
657 2712 826 2781 breviterque
839 2722 899 2782 pras¹
908 2712 950 2768 lo·

165 2802 240 2858 ribus
253 2802 359 2872 legitur,
373 2802 443 2872 qnod
467 2803 493 2857 in
510 2803 691 2871 penetralibus
705 2802 849 2861 invertitur.
869 2802 950 2870 Lens,

164 2893 237 2951 uocis
249 2895 381 2964 significat
395 2895 580 2962 devotionem
595 2898 733 2963 curarimus,
749 2897 848 2955 mentis
860 2896 952 2952 bilari-

1001 532 1155 589 esttamen
1171 524 1308 596 longinqui
1322 527 1465 594 efficimur,
1480 544 1540 582 eum
1561 539 1667 583 acturam
1684 544 1793 588 nostro·

1002 633 1059 672 rum
1070 618 1244 688 qualitatibus
1258 620 1464 687 submovemur,
1483 622 1552 676 sicot
1572 639 1618 693 per
1635 624 1792 693 proplietam

1003 709 1129 764 liouainus
1142 710 1206 763 dicit
1221 727 1227 763 ε
1245 710 1362 770 Populus
1385 712 1427 764 iaie
1446 713 1521 767 labiis
1543 731 1582 767 me
1602 715 1726 782 uouerat,
1748 734 1792 771 cor

1000 808 1083 853 auteur
1097 815 1184 852 eorum
1194 800 1264 871 longe
1282 811 1319 854 est
1329 819 1344 853 o
1354 818 1394 855 rue
1408 801 1475 868 (isa.
1490 818 1562 871 xxix,
1578 804 1633 873 ti).
1647 805 1749 863 lieinde
1758 811 1791 862 ad

1001 903 1068 959 quus
1081 889 1173 958 epulas
1199 890 1293 946 inritet
1312 891 1444 957 ostendit3
1463 894 1501 947 ait
1520 894 1602 958 cuim,
1623 899 1790 952 extollemus.

1003 978 1055 1035 Sed
1074 981 1198 1047 quoniam
1223 990 1265 1036 est
1284 991 1312 1039 et
1335 983 1425 1036 saeculi
1449 984 1526 1039 istius
1547 987 1709 1052 exsultatio,
1730 1004 1790 1058 quas

1002 1069 1116 1123 maxime
1128 1070 1233 1124 animos
1247 1081 1362 1139 occupat
1378 1071 1511 1140 inlideies,
1525 1074 1638 1143 addidit,
1654 1076 1765 1132 domiuo
1781 1096 1791 1134 :

1001 1159 1100 1229 dequo
1115 1174 1178 1213 uera
1199 1161 1407 1231 presumptione
1422 1163 1562 1232 gaudetur,
1577 1165 1623 1219 ubi
1646 1168 1791 1222 exsultatio

1002 1249 1206 1304 aedificationem
1220 1251 1328 1318 reperit,
1342 1266 1395 1305 non
1411 1253 1507 1321 utique,
1521 1257 1637 1309 ruinam.
1651 1256 1789 1325 Sequitur,

1002 1336 1142 1393 dubitemus
1156 1337 1209 1393 Deo
1222 1340 1331 1393 solutori
1346 1350 1442 1394 nostro.
1460 1340 1577 1395 dubitare
1589 1356 1661 1412 saepe
1674 1345 1791 1400 diximus

1003 1441 1127 1497 qragnnrn
1149 1439 1249 1483 nactum
1271 1428 1344 1499 led..
1368 1429 1496 1501 artadum]
1520 1444 1580 1485 esse
1605 1430 1720 1502 lactitiae,
1745 1436 1790 1504 qni

1002 1521 1133 1589 quamvis
1149 1522 1238 1576 uerbis
1262 1531 1377 1591 nequeat
1399 1523 1542 1590 explicari,
1570 1533 1658 1578 tamen
1680 1526 1792 1596 amplis·

1001 1614 1068 1667 sima
1082 1614 1319 1677 voeedeelaratur‚
1336 1614 1409 1669 intus
1427 1629 1488 1669 esse
1501 1615 1645 1684 designans
1664 1619 1792 1686 gaudium

999 1706 1042 1760 cni
1054 1720 1143 1760 senno
1158 1721 1209 1760 non
1220 1704 1328 1761 sufficit.
1340 1705 1406 1760 Nam
1415 1720 1476 1760 coru
1488 1705 1562 1770 dicit,
1575 1709 1682 1761 solutori
1692 1719 1797 1781 uestro,

966 1791 1136 1864 Bsigrxidcat
1149 1796 1290 1850 Dominum
1313 1795 1494 1863 salvatorem,
1518 1797 1561 1864 qui
1583 1796 1659 1851 nobis
1678 1801 1801 1859 salutetur

1004 1887 1296 1952 ruoriendoconcessia,
1315 1886 1439 1956 patiendo
1457 1888 1608 1956 exemplum
1629 1889 1730 1953 tribuit,
1749 1904 1793 1945 re·

1004 1979 1137 2048 surgendo
1159 1978 1286 2033 salutaria
1312 1992 1422 2031 ururrera
1442 1977 1612 2033 condonarit.
1640 1979 1696 2034 lloc
1718 1980 1792 2035 enim

1005 2071 1088 2124 verbo
1103 2069 1169 2122 satis
1184 2068 1342 2138 abundeque
1364 2077 1541 2129 monstratura
1554 2077 1597 2125 est
1609 2071 1652 2124 cui
1668 2069 1726 2125 lans
1741 2072 1791 2126 ista

1006 2161 1150 2215 diceretur.

1041 2250 1118 2305 ilers.
1130 2250 1158 2304 ἱ.
1175 2248 1387 2317 Proeoecupemus
1401 2250 1493 2320 {aciem
1505 2251 1561 2320 ejus
1576 2250 1603 2304 iu
1622 2252 1791 2323 consessione,

1005 2341 1069 2394 etin
1088 2340 1193 2410 psalmia
1208 2339 1348 2412 jubiletuus
1362 2343 1395 2395 ei.
1416 2338 1600 2411 Proroccapore
1613 2352 1654 2396 ost
1666 2357 1730 2400 ante
1743 2347 1793 2399 ali-

1005 2431 1068 2502 quid
1090 2431 1176 2486 iaeete
1192 2446 1270 2501 quam
1285 2430 1330 2486 ille
1344 2431 1427 2487 rideri
1443 2431 1526 2500 possit
1550 2431 1595 2502 qui
1614 2433 1732 2488 creditur
1745 2435 1793 2490 ad·

1005 2524 1105 2579 uenire.
1120 2521 1226 2589 faciem
1238 2511 1303 2579 dicit
1323 2535 1495 2594 conspectum
1511 2523 1583 2593 ejus,
1600 2526 1706 2595 quando
1725 2535 1791 2581 tem·

1005 2614 1176 2685 porejudieii
1195 2614 1238 2671 sui
1257 2613 1359 2670 cunctis
1379 2615 1467 2685 impiis
1490 2615 1617 2670 terribilis
1641 2619 1792 2685 apparebit.

1003 2709 1193 2782 contessionem
1208 2726 1273 2766 vero
1286 2711 1404 2766 diximus
1421 2710 1524 2765 duobus
1540 2709 1626 2778 modis
1640 2711 1727 2781 accipi
1741 2711 1794 2766 de-

1004 2802 1079 2861 bere.
1093 2802 1258 2857 Confiteumr
1269 2800 1353 2867 euim,
1364 2814 1424 2856 cum
1440 2800 1485 2855 liei
1500 2800 1593 2857 landes
1604 2802 1729 2871 religiosa
1742 2801 1795 2857 de·

1003 2894 1112 2950 votione
1127 2893 1315 2964 persolvimus.
1330 2891 1496 2948 Conlitemur
1508 2892 1590 2947 eriam
1606 2892 1713 2960 quando
1729 2907 1794 2960 pec-

1741 322 1794 379 ore
1891 288 1894 294 ¹

165 2996 264 3053 tatem;
292 2988 361 3055 qnod
386 2988 412 3044 in
433 3003 516 3056 opere
540 2989 696 3058 psalmodiae
715 2994 857 3059 utrumque
871 2989 952 3044 debet
1003 2994 1062 3043 cata
1073 2996 1164 3041 nostra
1177 2985 1340 3054 poenitentiae
1349 2983 1530 3040 satisfactione
1540 2985 1799 3052 damnamustinod,

163 3092 224 3135 esse
237 3079 378 3145 sociatum,
392 3088 524 3149 qnatenus
539 3077 657 3134 cilicium
671 3079 877 3148 linguaenostrae
887 3092 953 3133 con·
1004 3075 1049 3147 bic
1060 3078 1189 3132 admonet
1202 3075 1261 3131 lieri
1276 3077 1385 3146 debere,
1400 3087 1428 3130 ut
1443 3085 1506 3132 ante
1518 3076 1672 3145 judicialem
1689 3077 1793 3132 adven·

164 3168 255 3237 inncto
267 3170 365 3240 gaudio
378 3168 625 3240 compleatur.,lpri
634 3166 733 3233 Dauid,
754 3168 886 3240 significat
900 3144 989 3221 lio·C
1005 3181 1060 3227 tum
1073 3171 1220 3226 debeamus
1234 3181 1324 3225 nostra
1341 3170 1457 3224 iacinora
1474 3169 1596 3224 coratimri
1612 3187 1618 3221 :
1632 3184 1665 3223 ne
1679 3171 1794 3224 vernens

166 3257 266 3311 mimam
279 3256 459 3322 Salvatorem,
475 3257 519 3311 oui
532 3258 588 3310 iaus
601 3257 651 3311 ista
661 3264 793 3312 canetur.
810 3256 875 3312 Nam
886 3257 954 3327 prin·
1003 3261 1209 3332 discutiatqnod
1231 3276 1280 3316 nos
1292 3262 1352 3316 sine
1372 3260 1537 3316 dubitatione
1555 3260 1725 3316 condemnat.
1741 3261 1794 3317 Se·

165 3348 233 3418 cipia
248 3348 342 3418 psalmi
356 3346 390 3402 de
404 3349 463 3416 ipso
476 3355 589 3413 cunnnt;
607 3348 756 3417 posteriora
770 3363 835 3403 vcro
848 3350 881 3405 ab
892 3348 953 3418 ipso
1005 3352 1105 3421 quitur,
1118 3359 1142 3404 et
1158 3354 1183 3405 iu
1197 3350 1301 3418 psoium
1314 3350 1452 3422 jubilemus
1466 3350 1499 3402 ei.
1517 3350 1619 3419 inspice
1631 3365 1683 3418 quo
1696 3349 1795 3405 mode-

167 3438 280 3492 Domino
291 3438 472 3506 proteruntur.
484 3437 629 3492 Considera
643 3438 705 3509 qnia
721 3439 812 3494 laudes
828 3441 952 3495 bumanre
1005 3443 1108 3498 musitae
1126 3452 1221 3498 cuncta
1241 3442 1366 3511 disponat
1389 3456 1397 3496 ε
1419 3440 1573 3511 confessioni
1594 3439 1794 3495 tribulationem

166 3527 318 3595 augmentis
339 3535 365 3580 et
387 3527 637 3595 exaggerationibus
662 3526 809 3582 ellerrxntnr
824 3546 830 3582 :
848 3543 952 3595 praeeo-
1005 3533 1088 3597 dedit,
1102 3533 1253 3603 jubilationi
1268 3531 1398 3598 letitiam,
1414 3541 1443 3585 ut
1456 3539 1568 3601 ubsque
1582 3544 1670 3585 rernm
1685 3530 1794 3586 uicissi-

140 3620 143 3624 ’
168 3615 241 3668 nium
258 3630 320 3669 aero
337 3616 455 3670 divinum
470 3616 589 3684 qualibet
603 3617 766 3673 exi-elientia
778 3619 894 3688 dicatur,
908 3635 952 3677 re·
1006 3623 1096 3678 tudine
1111 3624 1266 3691 defecatus,
1278 3621 1396 3677 lidelium
1409 3621 1522 3677 devotus
1535 3621 1641 3676 animus
1653 3620 1795 3678 odoratur.

168 3714 311 3761 tractatum
325 3716 414 3762 tamen
430 3722 536 3776 semper
549 3708 632 3777 altius
648 3709 792 3764 iuvenitur.

457 3824 555 3877 Diuisio
568 3825 669 3894 paululi.

204 3933 359 3989 Providens
386 3935 515 4004 propbeta
540 3937 645 3990 turbam
671 3935 823 3992 Jrrdaeorum
848 3935 955 3993 Christo

168 4023 281 4080 Dourion
292 4040 370 4094 posse
390 4028 527 4093 resistere,
551 4027 636 4109 qrrinro
651 4028 772 4096 ingressu
788 4028 819 4080 ad
836 4028 955 4096 psalmo-

167 4117 238 4171 diam
265 4118 359 4173 inritat
378 4119 490 4188 populos
517 4119 707 4186 liebraenrnm,
732 4119 824 4174 landes
851 4120 954 4174 lionrim

168 4208 324 4264 dulcissima
340 4212 453 4265 veritate
475 4212 641 4266 describens.
658 4210 782 4265 Secrrndo
797 4211 854 4280 ipse
867 4210 953 4281 loqui·

168 4310 212 4356 tur
235 4301 363 4356 Dosrrimrs
377 4302 514 4365 cbristus,
542 4317 575 4356 ne
598 4316 645 4356 cor
661 4316 738 4355 sunm
754 4301 861 4357 induret
884 4303 954 4357 idem

169 4392 283 4460 populns
296 4390 461 4459 ludaeorum,
474 4401 502 4447 et
515 4391 566 4447 boc
577 4391 618 4446 eis
637 4393 774 4462 contingat
792 4394 861 4463 quod
875 4396 956 4462 patri-

170 4482 220 4535 bus
235 4480 339 4546 eorum,
355 4481 402 4549 qni
414 4496 468 4536 non
483 4491 637 4537 meruerunt
652 4491 751 4537 terram
769 4467 996 4556 repromissio-l)

170 4571 212 4624 nis
226 4571 335 4626 intrare.
348 4571 392 4627 Sic
404 4571 518 4627 mirabili
531 4572 732 4639 dispensatione
746 4574 891 4642 perlectum
902 4584 954 4642 est,

171 4669 200 4715 ut
214 4661 416 4718 invitationibus
437 4661 543 4719 blandis
567 4662 682 4731 primum
698 4667 827 4734 propbeta
844 4667 956 4736 populos

170 4750 339 4817 hortaretur;
368 4754 466 4807 deinde
491 4753 549 4822 ipsc
574 4751 703 4807 [laurinus
730 4754 956 4814 ob·tinatissimos

170 4842 337 4909 admoueret,
353 4848 484 4911 quatenns
498 4840 579 4895 corda
598 4857 691 4895 eornm
706 4842 809 4911 lapidea
831 4846 956 4900 conside-

170 4940 226 4988 rata
242 4930 347 4987 Domim
357 4935 397 4987 sui
413 4932 552 5002 asrajestate
567 4935 777 4989 mollescerent·

383 5045 464 5115 319
486 5042 619 5114 Expositis
636 5033 739 5116 psalmi.

1004 3713 1060 3768 Nec
1073 3729 1150 3768 vacat
1168 3714 1239 3783 equod
1259 3715 1357 3769 iterum
1367 3712 1507 3784 jubilemus
1527 3712 1582 3778 ait;
1598 3721 1698 3767 utrem
1713 3712 1796 3768 nimis

1006 3806 1184 3865 necesarium
1199 3822 1232 3858 ex
1245 3805 1301 3874 ipsa
1317 3804 1476 3872 repetitione
1486 3818 1672 3874 cognosceres.

1042 3891 1119 3947 Vers.
1135 3895 1162 3948 5.
1184 3891 1310 3958 Quoniam
1331 3890 1400 3947 licus
1418 3908 1526 3964 maguus
1546 3891 1687 3958 Durnium,
1701 3902 1725 3948 et
1739 3891 1797 3946 ilex

1007 3998 1115 4053 megrim
1130 4000 1205 4054 super
1219 4000 1304 4037 ournes
1318 3985 1388 4037 deos.
1402 3983 1469 4038 ilinc
1485 3982 1540 4052 jam
1562 3998 1610 4052 per
1630 3994 1685 4038 tres
1700 3998 1797 4039 versus

947 4121 954 4133 .
1006 4089 1093 4130 causae
1107 4077 1257 4130 referuntur
1267 4091 1351 4144 qnare
1364 4075 1460 4129 debeat
1472 4075 1586 4129 Domino
1598 4073 1716 4144 jubilari.
1728 4074 1796 4144 Quae

1007 4164 1092 4234 ligura
1106 4162 1201 4220 dieitur
1222 4166 1367 4235 aetiologia,
1384 4165 1410 4220 id
1431 4176 1475 4220 est
1493 4179 1580 4220 casrsaa
1599 4165 1725 4221 redditio.
1750 4166 1798 4221 lii·

1006 4255 1091 4312 eeudo
1100 4256 1182 4320 enim,
1195 4256 1322 4322 Quoniam
1333 4255 1401 4311 Deus
1411 4272 1518 4327 irruguus
1528 4255 1664 4323 Dominus,
1676 4258 1799 4311 ostendit

1008 4346 1109 4401 nulium
1127 4361 1187 4400 csse
1205 4348 1346 4415 potiorem.
1372 4345 1481 4416 Magnus
1502 4347 1599 4415 qnippe
1614 4359 1666 4399 non
1685 4344 1797 4411 dicitur,

1008 4435 1058 4489 nisi
1073 4436 1117 4504 qui
1132 4449 1243 4489 summa
1259 4436 1397 4504 potestatis
1411 4451 1499 4490 arcein
1515 4445 1608 4490 tenere
1620 4445 1796 4490 monstratur.

1008 4526 1144 4596 Sequitur,
1160 4536 1184 4579 et
1199 4525 1370 4597 lleamaqrrus
1379 4543 1456 4597 super
1470 4542 1557 4581 omues
1569 4526 1641 4580 deos.
1659 4528 1725 4581 ileos
1739 4529 1797 4581 tre·

1008 4624 1121 4683 quenter
1138 4614 1250 4685 legimus
1269 4616 1303 4668 ab
1318 4615 1472 4669 bominibus
1486 4616 1631 4683 confictos,
1648 4626 1678 4673 ut
1690 4616 1798 4683 iorem,

1008 4704 1130 4768 llartem,
1146 4706 1302 4769 Saturnum,
1316 4713 1466 4775 caeteraque
1476 4705 1561 4771 idola,
1572 4706 1641 4761 sicut
1653 4719 1681 4762 et
1691 4706 1721 4761 in
1734 4709 1800 4762 sub-

1009 4794 1129 4863 sequenti
1145 4797 1247 4863 psalmo
1259 4794 1381 4849 dicturus
1396 4812 1403 4847 a
1417 4795 1546 4858 Quoniam
1565 4812 1652 4850 omaus
1678 4797 1715 4851 dii
1736 4814 1801 4868 gear·

1009 4886 1073 4936 tium
1087 4883 1228 4949 daeuxonim
1247 4883 1371 4937 Donainus
1381 4893 1465 4939 ouum
1475 4886 1549 4939 curtos
1560 4885 1619 4956 [ecit
1630 4886 1717 4956 (Psoi.
1733 4904 1798 4960 xer,

1009 4974 1056 5044 b).
1082 4973 1206 5043 Legimus
1225 4975 1304 5027 etiarn
1329 4975 1402 5040 deos,
1426 4977 1623 5031 sanctosviros
1646 4992 1662 5030 a
1685 4978 1801 5036 licutino

1008 5070 1177 5129 constitutos,
1195 5076 1224 5120 ut
1236 5074 1278 5119 est
1290 5065 1374 5120 illud:
1390 5066 1457 5121 Deua
1472 5067 1540 5120 stetit
1557 5068 1583 5120 ira
1593 5084 1726 5140 sgraagogo
1738 5072 1801 5126 deo·

207 5156 284 5213 Vers.
296 5159 322 5212 l.
337 5155 437 5223 Venite,
452 5160 606 5211 mulcemus
617 5157 743 5222 domium·
754 5157 892 5227 jubitemus
903 5156 958 5213 Deo
1008 5171 1081 5220 resq·
1096 5157 1122 5209 in
1139 5157 1222 5210 medio
1241 5164 1326 5211 autem
1340 5145 1399 5210 dcis
1414 5156 1536 5211 discernit
1548 5155 1633 5226 (Psoi.
1653 5174 1745 5231 cxxxi,
1760 5162 1797 5232 l).

169 5249 279 5305 miutom
294 5259 390 5303 nostro.
406 5248 484 5304 Velut
500 5248 606 5317 qnidam
624 5264 713 5315 praeeo
728 5249 843 5318 judicis,
859 5251 957 5305 excita·
1010 5248 1096 5318 Super
1111 5248 1172 5303 iiius
1185 5258 1283 5312 eastern,
1300 5249 1356 5302 sire
1371 5263 1438 5319 qnos
1454 5248 1731 5317 lrorninesdnrerunt,
1743 5252 1803 5308 sire

171 5349 213 5393 tor
235 5328 324 5407 populi
347 5339 433 5409 gallus
454 5337 580 5392 Ecclesiae
601 5346 710 5392 orantes
735 5339 844 5405 inritat,
869 5349 897 5395 ut
925 5341 959 5397 de
1010 5354 1078 5407 quos
1092 5340 1234 5409 ipsctceit,
1250 5339 1355 5394 lleaest
1368 5340 1801 5409 magnusornraipotensssbristus,

170 5443 266 5483 soxnrru
279 5426 359 5498 bujns
378 5428 468 5483 sacnti
483 5428 653 5498 evigilantes,
677 5428 768 5484 laudes
783 5429 895 5486 bornino
913 5431 959 5487 dc·
1010 5429 1057 5499 qui
1075 5444 1122 5483 eos
1135 5430 1250 5498 amptius
1267 5430 1392 5495 excellit,
1407 5445 1486 5499 quam
1502 5430 1715 5499 potestpriuatis
1729 5432 1802 5502 regia

172 5521 252 5575 beant
263 5520 380 5590 jucunda
403 5520 581 5576 exsultatione
601 5520 755 5575 concinere.
783 5520 870 5577 Venite
888 5524 968 5579 euim·
1012 5530 1129 5589 potestas
1151 5522 1278 5577 eminere.
1295 5521 1345 5589 Qui
1371 5537 1464 5576 reuera
1488 5522 1593 5590 proprie
1615 5521 1715 5578 dicitur
1735 5522 1804 5589 lica,

172 5609 225 5665 illis
240 5611 347 5677 dicitnr,
361 5611 406 5679 qui
425 5611 501 5681 longe
517 5609 597 5681 positi
609 5610 770 5675 sentiuntur,
786 5612 830 5681 qui
850 5627 881 5667 se
895 5627 959 5667 nec·
1013 5615 1137 5685 quoniam
1158 5627 1185 5671 et
1199 5627 1272 5672 creat
1287 5617 1388 5682 otnttid,
1401 5626 1428 5672 et
1442 5617 1512 5686 regit
1526 5617 1661 5673 uniuersa.

169 5704 235 5756 doru
248 5701 313 5757 fidei
326 5703 480 5771 integritate
490 5702 645 5771 junxerunt.
665 5701 730 5755 Nam
751 5702 960 5771 quarrarisailo-
1050 5706 1125 5763 Vexs.
1145 5706 1173 5761 l.
1200 5707 1328 5771 Quoniam
1356 5698 1406 5761 arou
1427 5707 1526 5775 repellit
1550 5707 1677 5765 Dorrsiuus
1702 5710 1804 5772 aleten
