3794 6128
85 1108 89 1117 ,
180 1064 309 1124 cessant
329 1054 362 1111 ad
380 1055 552 1111 habitandum
574 1056 601 1110 ta
622 1054 704 1110 domo
723 1055 781 1124 ejus
794 1055 886 1124 glotlm
906 1067 963 1120 per·

178 215 221 266 tn
787 215 820 269 tt.
846 214 981 269 attuattt
1001 191 1221 270 casstouuttt‘
1751 216 1801 269 tna

177 333 349 403 stahseqnatur,
374 333 496 388 facillime
522 331 648 399 fragilitas
680 329 794 382 bumana
820 329 959 396 decipitur.
976 333 1001 389 Α
1016 329 1124 382 stitione
1140 328 1289 382 laborabat.
1302 327 1387 381 Prima
1400 313 1473 394 parte
1485 325 1616 382 deliniens
1625 325 1727 380 Domini
1743 329 1802 380 utri-

177 423 251 478 'rppe
272 426 343 479 apim
375 425 480 493 quanda
512 436 542 477 se
574 420 670 489 aliquis
699 419 792 473 vitium
826 418 961 474 transiisse
1015 420 1227 477 rersnmorbent
1250 418 1599 484 esseterrarum,utsicut
1618 417 1748 472 senullus
1768 418 1802 470 ab

177 515 273 581 eredit,
297 516 400 570 incauta
425 513 508 581 tnagis
532 509 697 580 ignoratione
718 509 858 577 decipitur.
887 510 962 565 liade
1013 513 1072 582 ejus
1090 511 1203 579 imperio
1220 512 1345 578 probaret
1360 519 1513 578 exceptum,
1529 509 1564 564 ita
1581 523 1631 563 nec
1645 524 1660 562 a
1673 504 1728 565 'lide
1741 525 1800 564 cre·

178 607 257 660 nintis
271 605 449 661 necessarium
465 610 507 658 est
527 609 556 656 ut
571 616 678 670 semper
691 615 741 656 nos
763 609 790 655 et
809 601 892 669 gratia
907 599 961 654 Do-
1014 604 1091 659 deret
1114 603 1241 658 alienum.
1272 601 1396 658 Secundo
1420 603 1479 657 loeo
1503 600 1683 656 determinans
1705 600 1802 670 quihus

178 694 243 750 mini
258 693 402 763 praecedat,
416 702 444 748 et
461 691 644 748 misericordia
660 691 845 760 subsequatur.
1014 693 1159 751 virtutihus
1182 693 1287 763 panthu
1308 693 1361 748 sint
1384 693 1411 747 in
1434 692 1492 761 ejtts
1516 692 1633 747 Ecclesia
1653 690 1801 747 constituti.

214 785 289 841 Veri·
302 784 328 839 9·
344 782 377 836 Et
392 794 419 837 ut
433 783 570 838 talantum
585 785 610 835 t'tt
626 784 701 836 demo
723 781 827 835 bonini
838 781 865 834 in
879 780 963 851 ivhel-
1014 785 1110 842 'l'ettiu
1134 784 1351 840 dementissimos
1369 783 1571 854 superstitiosas
1592 783 1750 852 alloquitur,
1774 791 1803 836 ut

179 875 292 927 tudinem
310 875 420 928 dieram.
440 871 515 929 Einis
539 873 589 929 iste
608 872 706 943 pendet
727 873 760 928 de
781 873 964 943 superioribus
1014 891 1081 935 narn
1102 876 1216 932 Domina
1241 876 1411 942 famulantes,
1426 890 1441 929 a
1456 875 1536 930 naxia
1558 873 1608 929 sibi
1629 877 1803 943 perversitate

180 963 268 1019 dictis.
290 963 353 1020 ideo
376 965 446 1019 enim
471 965 515 1019 illa
538 963 672 1033 protessus
685 973 726 1018 est
744 963 793 1017 sihi
821 977 880 1018 esse
902 978 962 1018 con·
1015 967 1166 1024 discedant.

1282 1054 1416 1129 Expositis
1432 1056 1534 1126 psalmi.

180 1146 293 1200 reniret.
309 1145 367 1215 lpsa
382 1155 424 1200 εει
437 1146 509 1201 enim
528 1147 658 1201 bonorum
672 1146 790 1200 omnium
807 1144 965 1213 completiva
1048 1167 1104 1240 ⁸1
1124 1165 1202 1223 gers·
1219 1167 1244 1221 p·
1261 1164 1365 1221 Μή
1378 1174 1416 1220 m
1437 1176 1515 1232 terra,
1540 1174 1564 1219 α
1582 1166 1713 1234 ,pemmo
1727 1170 1802 1232 eim,

180 1239 319 1310 perfectio,
334 1241 403 1294 sicut
417 1239 443 1293 in
461 1238 513 1294 alio
528 1237 630 1310 psalmo
647 1237 730 1292 dicit:
746 1235 821 1291 Beati
834 1236 876 1305 qui
891 1235 966 1289 ltali-
1017 1258 1085 1314 mg„
1100 1265 1236 1326 mmm,
1252 1255 1393 1312 „unm
1402 1257 1445 1324 „g
1457 1255 1570 1310 pag-„m
1583 1257 1609 1310 ᾗ,
1623 1272 1663 1311 ω.
1678 1257 1804 1323 Quam„

180 1339 235 1386 tant
248 1329 275 1385 in
295 1331 370 1384 danto
392 1328 453 1382 tna!
464 1329 490 1382 in
510 1329 604 1384 menta
618 1327 771 1382 seculorum
790 1326 929 1379 laudabunt
942 1331 967 1378 te
1017 1361 1111 1406 ,mam
1124 1359 1152 1405 ὓ,
1166 1349 1193 1404 pn
1209 1351 1280 1405 bono
1294 1360 1322 1405 θ,
1337 1350 1362 1405 gn
1377 1349 1447 1404 mago
1464 1349 1526 1420 poni
1547 1363 1619 1418 saepe
1636 1349 1803 1412 nomm,

181 1419 267 1491 im·
290 1434 400 1487 tttxttt,
421 1420 459 1489 5)·
480 1416 577 1474 ⁰⁰¹⁷¹¹²⁸
599 1417 697 1488 ‘wille
725 1415 828 1470 omnm
852 1415 965 1470 mmmm
1018 1438 1062 1494 ltlc
1076 1450 1165 1494 tamen
1181 1439 1329 1494 Ecclesiam
1351 1437 1480 1494 dehemus
1500 1438 1652 1503 advertere,
1673 1453 1733 1508 qnae
1748 1439 1803 1492 Do·

181 1512 313 1585 iissnfflffll
333 1510 490 1576 Jeffliilflmr
513 1522 574 1578 Ellae
597 1508 623 1562 5¹¹
643 1506 834 1576 ¹⁰⁰85¹¹¹l¹l¹¹⁰¹¹¹
862 1504 966 1560 dimum
1020 1528 1094 1582 tulno
1108 1526 1262 1597 specialiter
1281 1539 1345 1597 pura
1368 1536 1457 1581 mente
1476 1525 1629 1580 tumulatur.
1650 1525 1716 1585 Nam
1740 1526 1804 1580 licet

181 1602 240 1658 aine
253 1602 425 1671 ambiguitate
437 1599 570 1654 consistit.
596 1597 654 1668 lpsa
673 1604 714 1653 εει
736 1598 807 1653 enirn
829 1595 966 1652 beatitudo
1019 1619 1225 1687 ,mnpaagppm
1240 1619 1295 1673 sin,
1312 1618 1431 1689 comum,
1448 1627 1537 1674 „men
1551 1617 1616 1673 ,ΗΜ
1637 1617 1722 1688 ipsiu,
1744 1631 1804 1672 ὥς,

182 1704 320 1767 Wlfflin·
340 1703 368 1750 0¹
390 1693 448 1748 ⁵3⁰0
463 1692 515 1746 fine
528 1690 630 1745 mim·
647 1691 780 1745 i¹⁸⁰¹⁰¹¹¹⁰
795 1697 884 1744 ³⁰¹⁰¹¹¹
898 1688 969 1759 (ΨΜ
986 1695 1007 1756 Β
1022 1709 1129 1779 proprie
1143 1708 1267 1775 dicimus,
1290 1708 1360 1779 quod
1375 1724 1435 1765 eum
1451 1719 1595 1764 veneratur
1609 1717 1756 1765 auctorem.
1772 1709 1804 1762 Et

183 1785 209 1839 ln
223 1788 313 1854 priore
325 1799 404 1840 uersu
416 1783 509 1853 psalmi
524 1782 614 1851 hujus,
623 1781 649 1835 id
660 1793 701 1837 εει
711 1779 833 1836 bantinus
844 1783 907 1850 repit
916 1797 966 1847 me,

184 1881 205 1928 at
219 1872 285 1927 nihil
306 1873 370 1926 milti
393 1872 484 1938 deerit,
509 1871 625 1928 brevitet
639 1872 715 1936 dixit,
739 1872 808 1940 qnod
830 1873 855 1923 in
873 1870 968 1926 subse·

183 1963 325 2036 quentihus
338 1964 416 2020 latius
426 1964 603 2020 enumeravit.
618 1964 683 2031 Quae
702 1963 785 2033 ligura
800 1962 898 2018 dieitur
913 1961 970 2032 epi·

184 2057 369 2123 trochasmos,
385 2054 411 2111 id
433 2064 475 2112 est
487 2055 550 2111 dicti
565 2056 683 2121 nautia,
698 2068 758 2109 cum
783 2054 918 2108 succincte
938 2066 970 2108 ea

185 2162 246 2219 quae
258 2154 321 2203 sunt
332 2145 442 2204 effusius
462 2146 573 2203 dicenda
588 2144 752 2216 perstringit.
773 2143 801 2199 ln
818 2143 869 2198 hoc
881 2151 970 2196 antem

185 2252 264 2298 versu
279 2239 364 2307 Ennii,
383 2239 411 2295 id
429 2246 483 2305 εει,
500 2239 535 2294 ttt
555 2238 691 2293 inhabitem
710 2238 737 2291 in
757 2237 832 2290 domo
854 2233 968 2299 Domini,

186 2331 212 2384 in
226 2329 411 2402 longitudinem
432 2330 542 2396 dierum,
562 2328 749 2398 epiphonema,
771 2325 796 2380 ltl
821 2332 863 2380 est
883 2324 971 2378 accla-

186 2421 279 2484 matio,
295 2420 460 2476 nobilissima
477 2420 557 2475 nimis
577 2418 660 2489 tigura
672 2418 759 2489 posita
773 2425 824 2483 est,
840 2429 899 2484 quae
912 2421 972 2483 pust

186 2518 307 2564 enarratas
321 2524 365 2565 res
388 2510 505 2566 brerlter
518 2523 578 2564 cum
597 2507 787 2563 acclamatione
812 2503 970 2574 prorumpit,

187 2613 248 2673 post
259 2603 347 2658 omnia
364 2601 491 2658 desinens
511 2601 536 2656 in
557 2598 819 2671 exaggeratissimam
834 2595 972 2650 summita-

188 2704 253 2751 tem.
267 2694 313 2751 Sic
328 2695 422 2765 psalmi
436 2695 513 2750 istius
533 2692 674 2764 principia,
687 2689 784 2756 media,
794 2697 822 2744 ot
836 2686 906 2752 huis,
925 2685 972 2741 de·

186 2800 248 2842 coa
262 2787 428 2841 diversorum
441 2783 606 2840 schematum
621 2781 680 2836 luce
691 2779 839 2836 radiantur.

454 2919 591 2974 Conclusio
607 2918 709 2990 psalmi.

223 3030 310 3088 hlente
321 3000 483 3101 reponamus
496 3028 559 3100 quid
575 3026 693 3083 coelestis
708 3025 752 3081 illa
775 3024 862 3079 betula
878 3023 972 3078 decem

189 3122 332 3181 virtutihus
358 3130 496 3192 compacta
514 3120 666 3175 cecinerit:
687 3131 765 3188 qnam
789 3116 866 3172 dulce
887 3113 972 3170 tneles

189 3215 286 3271 animae
299 3213 410 3269 salutari
421 3210 598 3266 delectatione
609 3209 769 3272 cantaverit3
783 3214 813 3261 ut
825 3206 853 3260 in
868 3204 918 3259 bac
931 3203 973 3260 le·

191 3303 309 3360 stititate
322 3299 453 3371 mysterii,
469 3313 522 3355 non
538 3300 660 3369 voluptas
672 3297 787 3363 aurium,
798 3294 845 3351 sed
859 3293 975 3350 salubri·
1046 3340 1053 3353 .

191 3402 232 3448 tas
252 3391 381 3461 acquisita
395 3399 570 3461 cognoscatur
591 3389 750 3445 animarum.
766 3390 896 3445 Numerus
909 3403 977 3459 quo·

188 3498 241 3553 que
258 3483 351 3553 psalmi
375 3483 454 3552 liujus
472 3481 605 3552 siguificat
618 3482 808 3552 perlectionem
822 3483 977 3553 sapientiea

189 3573 318 3643 siquidem
332 3572 423 3642 viginti
436 3572 490 3628 duo
503 3573 585 3628 libros
599 3588 659 3628 esse
674 3575 857 3642 cognoscimus
871 3574 976 3630 Veteris

189 3663 351 3719 Testamenti
370 3662 514 3719 secuudum
538 3663 638 3719 litteras
661 3663 842 3731 llebraeorum,
859 3678 925 3733 quas
943 3663 977 3719 ad

189 3753 379 3821 plenitudinem
390 3754 485 3808 diuinae
496 3754 614 3810 scientie
625 3753 901 3823 comprehendendam
911 3770 976 3810 con-

189 3847 242 3917 stat
258 3841 374 3896 humano
392 3842 481 3914 generi
496 3844 669 3899 contributas.
680 3844 848 3914 Quapmpter
862 3843 977 3900 dirersis

188 3930 275 3986 modis
291 3931 391 4000 psalmo
404 3931 448 3987 isti
462 3945 575 4002 superna
589 3941 735 3989 noscuntur
745 3935 888 3990 contrenire
904 3949 978 4004 mps-

191 4030 267 4087 teria.

318 4159 498 4218 exposittu
516 4157 550 4215 tn
568 4158 730 4216 essentie
749 4158 842 4213 xxttt.

364 4248 485 4306 Peoltuua
497 4250 580 4305 Dauid
597 4251 679 4321 prima
691 4250 799 4305 sublati.

227 4363 318 4418 tetam
337 4362 477 4432 praesentis
493 4361 571 4428 tituli,
592 4360 702 4429 putatote
717 4362 840 4428 Dentino,
855 4363 977 4419 alacriter

1018 1799 1079 1855 ideo
1093 1798 1211 1855 Ecclesia
1222 1814 1276 1855 non
1288 1799 1423 1855 immerito
1439 1799 1575 1856 fructifera
1590 1800 1722 1855 bonorum
1735 1810 1804 1854 terra

1018 1893 1173 1962 suscipitur,
1189 1892 1252 1963 qnia
1268 1893 1352 1947 nutrit
1366 1900 1395 1949 ει
1415 1895 1536 1950 eontinet
1551 1893 1678 1965 populum
1693 1893 1803 1947 Christi.

1019 1973 1156 2053 Sequitur,
1170 1992 1193 2037 et
1208 1982 1339 2051 plenitudo
1353 1985 1420 2054 ejus,
1438 1983 1464 2038 id
1489 1991 1530 2038 est
1551 1982 1691 2038 multitudo
1701 1989 1804 2045 sancta,

1020 2086 1072 2141 qtta
1082 2073 1200 2142 repletur
1212 2071 1343 2128 Ecclesia.
1355 2071 1407 2127 Setl
1420 2086 1453 2127 ne
1469 2080 1573 2136 terrant,
1588 2085 1668 2141 quam
1683 2071 1805 2139 superins

1020 2161 1098 2231 dixit,
1113 2170 1253 2233 angustam
1270 2170 1378 2232 putares
1397 2162 1512 2232 aliquam
1524 2161 1636 2217 tortasse
1657 2160 1805 2231 regionem,

1022 2270 1094 2311 nnnc
1107 2255 1181 2319 dicit,
1197 2255 1264 2310 orbis
1279 2265 1419 2319 terrarum,
1432 2255 1482 2310 hoc
1501 2263 1543 2310 εει
1553 2253 1730 2309 universalem
1754 2252 1806 2307 Ec-

1021 2344 1141 2411 clesiam,
1156 2360 1215 2413 quae
1224 2345 1306 2402 totius
1317 2342 1517 2399 mundiamhitu
1524 2341 1684 2397 continetur.
1697 2341 1807 2396 intende

1022 2450 1086 2490 veto
1101 2434 1171 2505 quod
1185 2435 1260 2501 dicit,
1284 2439 1329 2506 qul
1343 2434 1497 2488 habitantia
1509 2450 1554 2498 eo;
1566 2433 1591 2487 id
1612 2443 1663 2500 est,
1685 2447 1738 2488 nen
1762 2432 1807 2500 qni

1020 2527 1185 2582 conueniunt
1196 2536 1223 2582 ει
1234 2526 1373 2594 recedunt,
1389 2526 1436 2582 sed
1449 2527 1493 2596 qui
1521 2525 1571 2580 lina
1588 2526 1684 2586 mentis
1706 2522 1808 2581 stabili·

1024 2624 1077 2673 tate
1092 2617 1246 2687 perdurant.
1259 2616 1385 2672 Habitare
1395 2617 1466 2672 enirn
1478 2630 1587 2672 manere
1599 2616 1721 2680 dicimus,
1737 2613 1808 2684 quod

1023 2707 1169 2762 errantium
1185 2721 1237 2762 non
1259 2715 1309 2773 est,
1325 2705 1396 2776 quod
1416 2705 1587 2762 mutabilitati
1607 2721 1658 2758 non
1674 2707 1808 2760 convenit.

1025 2794 1078 2851 Sed
1090 2794 1136 2849 ille
1147 2795 1219 2850 solus
1234 2795 1380 2851 Ecclesiam
1394 2796 1504 2861 habitat,
1515 2795 1561 2865 qul
1574 2794 1697 2864 usquead
1707 2795 1808 2849 obitum

1024 2899 1101 2943 strum
1129 2887 1155 2942 in
1179 2886 1231 2942 hde
1251 2887 1400 2943 rectissima
1423 2896 1594 2957 perseverant
1608 2886 1676 2942 sicut
1691 2894 1720 2941 et
1742 2885 1810 2941 alius

1024 2977 1141 3046 psalmus
1155 2976 1235 3032 dicit:
1262 2976 1295 3032 tta
1308 2977 1444 3032 inhabitem
1454 2978 1481 3031 in
1491 2978 1567 3032 domo
1582 2975 1685 3032 Dantini
1695 2977 1810 3031 omnihus

986 3059 1008 3124 C
1024 3066 1112 3121 diedna
1125 3068 1181 3122 uita
1204 3082 1265 3122 nun
1282 3066 1368 3139 (etat.
1380 3083 1445 3135 xxtt,
1456 3065 1496 3139 6).

1061 3156 1137 3213 Vens.
1156 3157 1183 3210 2.
1210 3156 1268 3229 lpse
1283 3174 1359 3225 saper
1381 3159 1462 3212 maria
1475 3159 1590 3228 {nrtdotit
1609 3175 1676 3224 eant,
1699 3170 1722 3214 at
1736 3175 1810 3230 super

1023 3249 1133 3320 punina
1144 3251 1295 3321 preparavit
1307 3250 1449 3316 eam.Quid
1463 3258 1504 3306 est
1518 3266 1593 3320 nuper
1603 3251 1684 3304 naaria
1692 3250 1810 3320 {undam

1026 3340 1078 3395 utsi
1093 3354 1174 3411 supra
1198 3341 1322 3395 vitiorum
1349 3340 1429 3411 hujus
1452 3341 1541 3396 seculi
1570 3341 1698 3396 trentnlos
1712 3340 1810 3395 ductus

1025 3428 1173 3486 Ecclesiam
1187 3431 1339 3488 llrmissitua
1347 3431 1503 3487 credulitate
1515 3430 1642 3497 solidare,
1655 3440 1682 3485 ut
1695 3430 1812 3486 anchora

1025 3519 1088 3576 ildei
1103 3520 1222 3587 lundata,
1237 3523 1367 3593 proeellas
1382 3521 1524 3594 cujuslibet
1536 3521 1647 3594 periculi
1662 3536 1713 3577 non
1731 3537 1812 3590 pate·

1025 3610 1099 3666 scat?
1114 3608 1189 3665 Unde
1202 3620 1229 3666 et
1239 3612 1383 3681 Apostolus
1395 3611 1460 3667 dicit
1473 3631 1480 3665 :
1499 3610 1582 3676 Quam
1593 3612 1659 3666 sieut
1674 3612 1812 3665 anchoram

1026 3702 1146 3757 habemus
1172 3705 1265 3758 anime
1285 3713 1364 3758 tutam
1388 3712 1464 3775 atque
1492 3704 1571 3772 marn
1593 3702 1686 3774 (Eedr.
1703 3720 1739 3768 vt,
1757 3706 1812 3772 tlt).

1026 3791 1113 3848 Simili
1127 3791 1207 3848 modo
1229 3804 1252 3847 et
1265 3809 1343 3863 super
1354 3795 1463 3866 pumina
1476 3793 1541 3849 dicit
1558 3807 1618 3850 esse
1631 3804 1813 3865 praeparatam,

1027 3881 1152 3951 quonlam
1180 3881 1213 3937 ad
1238 3881 1389 3937 voluntates
1416 3880 1583 3937 turbulentas
1610 3890 1811 3952 persecutorum

955 4018 961 4024 .
1029 3980 1146 4040 aputam
1159 3980 1264 4028 constat
1280 3971 1447 4038 Ecclesiatn;
1471 3981 1500 4025 ut
1515 3970 1540 4027 ei
1560 3985 1650 4039 pratae
1663 3970 1814 4027 noluntates

1030 4075 1128 4116 rtocere
1138 4062 1317 4126 nonralennt,
1329 4061 1450 4132 quamtis
1462 4069 1554 4116 cotnra
1565 4074 1625 4116 eam
1640 4058 1734 4115 insana
1744 4078 1814 4116 men·

1028 4158 1094 4211 tium
1106 4154 1317 4227 precipitatione
1327 4160 1496 4223 consurgant.

1066 4246 1142 4301 tera.
1158 4247 1185 4300 3.
1201 4245 1264 4309 Qttis
1284 4242 1400 4297 assertdet
1412 4244 1557 4296 inmolatam
1571 4239 1696 4295 Domini?
1707 4251 1751 4295 εει
1761 4242 1816 4310 quit

1030 4337 1107 4392 stabit
1120 4338 1146 4390 in
1161 4337 1217 4390 ioco
1230 4343 1318 4389 sancto
1331 4352 1344 4389 e
1345 4339 1390 4407 jus
1410 4336 1422 4389 i
1437 4333 1579 4404 Postquam
1592 4332 1683 4388 decuit
1696 4333 1816 4388 breviter

191 4451 371 4517 sublevemus,
389 4462 418 4506 ut
431 4450 508 4504 nobis
524 4450 668 4519 penetralia
680 4452 774 4522 psalmi
788 4452 888 4507 clarius
903 4453 978 4508 inne
991 4425 1017 4487 Β
1030 4428 1154 4482 “nivem
1178 4425 1282 4480 ⁰⁰¹⁰³¹s¹
1293 4438 1354 4479 ⁰⁸⁵⁰
1369 4438 1428 4494 ΨΜ
1441 4421 1570 4489 ωῃᾱωίῑ’
1587 4437 1658 4477 ”⁰¹¹⁰
1670 4428 1719 4491 '9⁰‘
1737 4425 1817 4477 ‘'¹¹⁰'‘

193 4551 304 4596 teeeant.
333 4540 424 4595 Prinne
447 4538 546 4595 aehhmi
560 4539 693 4610 signifieat
714 4543 785 4596 diem
804 4542 976 4609 dominicam,

192 4648 252 4703 quac
265 4633 349 4703 prima
362 4641 403 4687 est
417 4641 479 4702 post
495 4631 647 4701 sabbatum,
663 4649 714 4701 quo
729 4633 773 4690 die
789 4633 919 4690 Dominus
931 4650 978 4689 te·

192 4726 309 4780 surrexit
332 4738 347 4779 a
371 4725 493 4778 mortuis.
515 4725 565 4790 Qui
585 4734 693 4794 propter
713 4726 898 4781 excellentiam
914 4729 979 4782 tantl

192 4816 312 4872 tniracnli
327 4816 435 4887 proprie
450 4815 556 4869 Domini
571 4824 748 4886 nuncupatur,
762 4818 818 4871 siae
832 4819 893 4888 qnia
905 4818 930 4872 in
945 4832 978 4874 eo

192 4907 320 4986 anundum
334 4905 464 4962 condidit.
490 4904 529 4961 Eo
551 4905 681 4976 siquidem
696 4907 740 4962 die
759 4908 803 4963 isti
818 4909 917 4964 seculo
934 4923 978 4964 re·

193 4997 325 5068 anamodo
343 4995 472 5051 hominnm
493 4995 652 5053 subvenisse
673 4997 853 5068 cognoscitur,
872 4999 979 5068 quando

192 5104 254 5142 eum
268 5095 296 5142 ει
310 5085 407 5143 iecisse
429 5085 589 5143 declaratur.
616 5087 669 5144 Sed
691 5089 751 5159 quia
776 5098 846 5144 totns
861 5090 978 5160 psalmus

193 5188 254 5249 post
267 5177 491 5236 resurrectionem
503 5180 618 5247 canitur,
633 5179 694 5236 idco
708 5181 732 5235 ei
749 5180 841 5236 titulus
855 5183 905 5237 iste
914 5198 981 5251 prn-

193 5275 291 5329 tnisstts
300 5273 601 5342 ost,ntcorda'lldolinln
612 5289 729 5347 congruo
741 5283 864 5344 moneret
872 5275 980 5330 indicio.

477 5391 573 5448 Divitia
593 5393 695 5464 psalmi.

231 5507 295 5563 Post
315 5507 538 5565 retumcctioncm
552 5506 656 5561 bantini
671 5507 800 5576 propbeta
816 5505 903 5562 letior
918 5506 984 5562 clle-

195 5607 266 5667 etus,
282 5599 426 5656 humanum
441 5612 525 5669 genus
540 5597 693 5668 alloquitur,
714 5600 785 5666 quod
801 5599 871 5654 varin
886 5611 983 5663 super·

1031 4514 1359 4589 rogationem,secundam
1371 4513 1519 4584 ingreditur
1528 4521 1641 4583 partem,
1652 4512 1818 4582 respondens

1031 4609 1123 4680 quales
1138 4622 1198 4663 esso
1214 4606 1328 4661 debeant
1339 4605 1383 4675 qui
1408 4619 1437 4658 se
1453 4603 1535 4672 ipsius
1549 4603 1702 4659 desiderant
1714 4619 1817 4657 auricu-

1031 4698 1186 4768 pareone
1209 4696 1290 4767 ligura
1304 4696 1402 4749 dicitur
1421 4704 1583 4759 exetasmos,
1600 4694 1682 4747 idest
1700 4694 1819 4762 exquisi-

1033 4789 1082 4855 tio,
1097 4800 1157 4842 eum
1173 4801 1216 4841 res
1235 4783 1388 4854 complures
1413 4783 1512 4838 divisas
1525 4797 1585 4837 curn
1609 4782 1819 4850 interrogation

1033 4878 1218 4949 exquirentes,
1245 4874 1356 4945 singulis
1378 4873 1616 4942 quoconteniunt
1641 4871 1817 4941 applicamus.

1034 4967 1177 5024 Premittit
1197 4979 1261 5037 ergo
1288 4964 1523 5035 interrogationes,
1547 4971 1576 5017 ut
1599 4969 1659 5031 apta
1679 4963 1821 5029 responsio

1034 5057 1221 5128 subsequatur.
1240 5054 1303 5122 Quia
1314 5054 1432 5110 amendes
1443 5053 1531 5121 thia
1543 5052 1664 5108 dicturus
1677 5064 1733 5106 erat
1746 5065 1821 5105 naon-

1035 5160 1097 5214 tent,
1109 5145 1137 5203 id
1152 5155 1194 5203 est
1205 5145 1336 5218 justitiam
1361 5155 1527 5213 ceterasque
1554 5144 1685 5204 virtutes,
1700 5141 1735 5197 ad
1755 5157 1823 5212 quas

1034 5253 1131 5311 magno
1146 5238 1206 5294 nisu
1228 5236 1372 5301 tendimus,
1385 5232 1509 5305 quoniam
1523 5232 1639 5302 peccatis
1653 5231 1823 5287 obviantibus

1035 5328 1205 5398 impedimur.
1220 5325 1273 5382 Sed
1285 5335 1424 5395 postquam
1441 5325 1517 5390 dixit,
1535 5322 1597 5390 Quia
1607 5324 1733 5390 ascendet,
1752 5337 1825 5377 natae

1035 5418 1109 5483 dicit,
1124 5417 1217 5481 stabit,
1238 5416 1299 5483 quia
1325 5415 1410 5470 multo
1434 5415 1524 5470 utilius
1551 5423 1592 5468 cst
1611 5415 1637 5466 iu
1658 5422 1748 5467 sancta
1767 5413 1826 5465 loco

1036 5517 1104 5562 stare
1117 5520 1195 5575 quatu
1210 5505 1243 5560 ad
1257 5504 1316 5574 eius
1331 5505 1466 5575 fastigium
1483 5506 1633 5574 pervenire.

1075 5599 1149 5655 Vens.
1162 5597 1189 5650 i.
1205 5595 1332 5653 Innocens
1342 5598 1457 5651 naniam
1470 5607 1492 5653 at
1506 5598 1600 5653 mutatio
1614 5598 1699 5663 corde,
1714 5595 1825 5666 qainon
