<?xml version="1.0" encoding="UTF-8"?>
<!DOCTYPE html PUBLIC "-//W3C//DTD XHTML 1.0 Transitional//EN"
    "http://www.w3.org/TR/xhtml1/DTD/xhtml1-transitional.dtd">
<html xmlns="http://www.w3.org/1999/xhtml" xml:lang="en" lang="en">
 <head>
  <title>
</title>
<meta http-equiv="Content-Type" content="text/html;charset=utf-8" />
  <meta name='ocr-system' content='tesseract 3.04.00' />
  <meta name='ocr-capabilities' content='ocr_page ocr_carea ocr_par ocr_line ocrx_word'/>
</head>
<body>
  <div class='ocr_page' id='page_1' title='image "./patrologiaecurs27goog_0306.png"; bbox 0 0 3802 6120; ppageno 0'>
   <div class='ocr_carea' id='block_1_1' title="bbox 66 248 111 304">
    <p class='ocr_par' dir='ltr' id='par_1_1' title="bbox 66 248 111 304">
     <span class='ocr_line' id='line_1_1' title="bbox 66 248 111 304; baseline 0.022 -1"><span class='ocrx_word' id='word_1_1' title='bbox 66 248 111 304; x_wconf 73' lang='lat' dir='ltr'>itit</span> 
     </span>
    </p>
   </div>
   <div class='ocr_carea' id='block_1_2' title="bbox 509 238 1250 299">
    <p class='ocr_par' dir='ltr' id='par_1_2' title="bbox 509 238 1250 299">
     <span class='ocr_line' id='line_1_2' title="bbox 509 238 1250 299; baseline -0.005 -1"><span class='ocrx_word' id='word_1_2' title='bbox 509 242 691 299; x_wconf 74' lang='lat' dir='ltr'>extusum</span> <span class='ocrx_word' id='word_1_3' title='bbox 713 242 743 295; x_wconf 75' lang='lat' dir='ltr'>ti</span> <span class='ocrx_word' id='word_1_4' title='bbox 765 239 993 297; x_wconf 65' lang='lat' dir='ltr'>ostimentum.</span> <span class='ocrx_word' id='word_1_5' title='bbox 1016 238 1111 293; x_wconf 77' lang='lat' dir='ltr'>PSbL.</span> <span class='ocrx_word' id='word_1_6' title='bbox 1134 238 1250 296; x_wconf 74' lang='lat' dir='ltr'>lxxix.</span> 
     </span>
    </p>
   </div>
   <div class='ocr_carea' id='block_1_3' title="bbox 900 42 913 69">
    <p class='ocr_par' dir='ltr' id='par_1_3' title="bbox 900 42 913 69">
     <span class='ocr_line' id='line_1_3' title="bbox 900 42 913 69; baseline 0 0"><span class='ocrx_word' id='word_1_7' title='bbox 900 42 913 69; x_wconf 87' lang='lat' dir='ltr'><em>l</em></span> 
     </span>
    </p>
   </div>
   <div class='ocr_carea' id='block_1_4' title="bbox 64 351 1691 427">
    <p class='ocr_par' dir='ltr' id='par_1_4' title="bbox 64 351 1691 427">
     <span class='ocr_line' id='line_1_4' title="bbox 64 351 1691 427; baseline -0.006 -10"><span class='ocrx_word' id='word_1_8' title='bbox 64 365 89 417; x_wconf 90' lang='lat' dir='ltr'>in</span> <span class='ocrx_word' id='word_1_9' title='bbox 101 361 242 416; x_wconf 82' lang='lat' dir='ltr'>orationem</span> <span class='ocrx_word' id='word_1_10' title='bbox 256 361 320 413; x_wconf 83' lang='lat' dir='ltr'>serti</span> <span class='ocrx_word' id='word_1_11' title='bbox 342 359 399 412; x_wconf 81' lang='lat' dir='ltr'>tui?</span> <span class='ocrx_word' id='word_1_12' title='bbox 413 357 466 412; x_wconf 93' lang='lat' dir='ltr'>lluc</span> <span class='ocrx_word' id='word_1_13' title='bbox 481 359 513 413; x_wconf 85' lang='lat' dir='ltr'>da</span> <span class='ocrx_word' id='word_1_14' title='bbox 532 358 576 412; x_wconf 84' lang='lat' dir='ltr'>ilia</span> <span class='ocrx_word' id='word_1_15' title='bbox 591 366 710 426; x_wconf 85' lang='lat' dir='ltr'>tempore</span> <span class='ocrx_word' id='word_1_16' title='bbox 725 355 842 410; x_wconf 84' lang='lat' dir='ltr'>scutica·</span> <span class='ocrx_word' id='word_1_17' title='bbox 857 355 882 412; x_wconf 83' lang='grc' dir='ltr'><strong>Λ</strong></span> <span class='ocrx_word' id='word_1_18' title='bbox 896 369 965 407; x_wconf 83' lang='grc' dir='ltr'>ιιιιιι.</span> <span class='ocrx_word' id='word_1_19' title='bbox 982 352 1060 406; x_wconf 85' lang='lat' dir='ltr'>Vinea</span> <span class='ocrx_word' id='word_1_20' title='bbox 1070 353 1190 422; x_wconf 87' lang='lat' dir='ltr'>qttippca</span> <span class='ocrx_word' id='word_1_21' title='bbox 1203 351 1298 408; x_wconf 83' lang='lat' dir='ltr'>ritibus</span> <span class='ocrx_word' id='word_1_22' title='bbox 1309 352 1437 408; x_wconf 88' lang='lat' dir='ltr'>tlictocst.</span> <span class='ocrx_word' id='word_1_23' title='bbox 1449 353 1522 409; x_wconf 86' lang='lat' dir='ltr'>lianc</span> <span class='ocrx_word' id='word_1_24' title='bbox 1535 351 1691 427; x_wconf 78' lang='lat' dir='ltr'>esAEqutn</span> 
     </span>
    </p>
   </div>
   <div class='ocr_carea' id='block_1_5' title="bbox 60 444 856 1698">
    <p class='ocr_par' dir='ltr' id='par_1_5' title="bbox 60 444 854 1070">
     <span class='ocr_line' id='line_1_5' title="bbox 63 444 853 522; baseline -0.013 -12"><span class='ocrx_word' id='word_1_25' title='bbox 63 454 124 510; x_wconf 79' lang='lat' dir='ltr'>tim</span> <span class='ocrx_word' id='word_1_26' title='bbox 138 462 182 507; x_wconf 87' lang='lat' dir='ltr'>est</span> <span class='ocrx_word' id='word_1_27' title='bbox 195 467 248 522; x_wconf 90' lang='lat' dir='ltr'>qua</span> <span class='ocrx_word' id='word_1_28' title='bbox 262 451 348 521; x_wconf 78' lang='lat' dir='ltr'>Asopi</span> <span class='ocrx_word' id='word_1_29' title='bbox 368 450 459 504; x_wconf 86' lang='lat' dir='ltr'>uenire</span> <span class='ocrx_word' id='word_1_30' title='bbox 481 449 622 504; x_wconf 84' lang='lat' dir='ltr'>Dominum</span> <span class='ocrx_word' id='word_1_31' title='bbox 645 447 803 518; x_wconf 87' lang='lat' dir='ltr'>postulabat.</span> <span class='ocrx_word' id='word_1_32' title='bbox 819 444 853 500; x_wconf 83' lang='lat' dir='ltr'>Et</span> 
     </span>
     <span class='ocr_line' id='line_1_6' title="bbox 61 536 853 626; baseline -0.005 -27"><span class='ocrx_word' id='word_1_33' title='bbox 61 545 121 615; x_wconf 86' lang='lat' dir='ltr'>quia</span> <span class='ocrx_word' id='word_1_34' title='bbox 137 559 187 614; x_wconf 91' lang='lat' dir='ltr'>pru</span> <span class='ocrx_word' id='word_1_35' title='bbox 201 541 401 610; x_wconf 75' lang='lat' dir='ltr'><strong>dispensatione</strong></span> <span class='ocrx_word' id='word_1_36' title='bbox 422 539 512 594; x_wconf 84' lang='lat' dir='ltr'>dium</span> <span class='ocrx_word' id='word_1_37' title='bbox 527 549 585 626; x_wconf 61' lang='lat' dir='ltr'>erat</span> <span class='ocrx_word' id='word_1_38' title='bbox 600 541 764 607; x_wconf 85' lang='lat' dir='ltr'>aliquatenus</span> <span class='ocrx_word' id='word_1_39' title='bbox 777 536 853 595; x_wconf 68' lang='lat' dir='ltr'>aitte</span> 
     </span>
     <span class='ocr_line' id='line_1_7' title="bbox 61 629 853 700; baseline -0.014 -7"><span class='ocrx_word' id='word_1_40' title='bbox 61 636 192 699; x_wconf 82' lang='lat' dir='ltr'>rendum,</span> <span class='ocrx_word' id='word_1_41' title='bbox 206 633 270 690; x_wconf 86' lang='lat' dir='ltr'>dicit</span> <span class='ocrx_word' id='word_1_42' title='bbox 285 651 293 686; x_wconf 75' lang='lat' dir='ltr'><strong><em>z</em></strong></span> <span class='ocrx_word' id='word_1_43' title='bbox 307 632 444 700; x_wconf 84' lang='lat' dir='ltr'>Quousque</span> <span class='ocrx_word' id='word_1_44' title='bbox 458 631 575 685; x_wconf 81' lang='lat' dir='ltr'>irasceris</span> <span class='ocrx_word' id='word_1_45' title='bbox 594 632 621 684; x_wconf 91' lang='lat' dir='ltr'>in</span> <span class='ocrx_word' id='word_1_46' title='bbox 635 631 776 684; x_wconf 85' lang='lat' dir='ltr'>orationem</span> <span class='ocrx_word' id='word_1_47' title='bbox 788 629 853 682; x_wconf 85' lang='lat' dir='ltr'>serui</span> 
     </span>
     <span class='ocr_line' id='line_1_8' title="bbox 60 722 854 795; baseline -0.01 -11"><span class='ocrx_word' id='word_1_48' title='bbox 60 730 113 794; x_wconf 88' lang='lat' dir='ltr'>txt&#39;,</span> <span class='ocrx_word' id='word_1_49' title='bbox 130 737 159 783; x_wconf 90' lang='lat' dir='ltr'>at</span> <span class='ocrx_word' id='word_1_50' title='bbox 172 741 226 781; x_wconf 87' lang='lat' dir='ltr'>unu</span> <span class='ocrx_word' id='word_1_51' title='bbox 240 723 350 795; x_wconf 84' lang='lat' dir='ltr'>illajarn</span> <span class='ocrx_word' id='word_1_52' title='bbox 363 722 503 793; x_wconf 85' lang='lat' dir='ltr'>pravenirc</span> <span class='ocrx_word' id='word_1_53' title='bbox 518 722 609 786; x_wconf 84' lang='lat' dir='ltr'>iacias,</span> <span class='ocrx_word' id='word_1_54' title='bbox 624 737 682 791; x_wconf 85' lang='lat' dir='ltr'>quae</span> <span class='ocrx_word' id='word_1_55' title='bbox 700 722 854 790; x_wconf 80' lang='lat' dir='ltr'>promisisse</span> 
     </span>
     <span class='ocr_line' id='line_1_9' title="bbox 61 812 854 888; baseline -0.013 -14"><span class='ocrx_word' id='word_1_56' title='bbox 61 816 248 888; x_wconf 76' lang='lat' dir='ltr'>cognoscerisl</span> <span class='ocrx_word' id='word_1_57' title='bbox 262 816 294 870; x_wconf 81' lang='lat' dir='ltr'>m</span> <span class='ocrx_word' id='word_1_58' title='bbox 308 817 410 870; x_wconf 88' lang='lat' dir='ltr'>intuere</span> <span class='ocrx_word' id='word_1_59' title='bbox 424 816 547 883; x_wconf 81' lang='lat' dir='ltr'>pictatem</span> <span class='ocrx_word' id='word_1_60' title='bbox 562 829 592 867; x_wconf 87' lang='lat' dir='ltr'>ac</span> <span class='ocrx_word' id='word_1_61' title='bbox 614 812 775 867; x_wconf 86' lang='lat' dir='ltr'>desidorium</span> <span class='ocrx_word' id='word_1_62' title='bbox 791 827 854 882; x_wconf 86' lang='lat' dir='ltr'>sup·</span> 
     </span>
     <span class='ocr_line' id='line_1_10' title="bbox 60 902 854 976; baseline -0.013 -12"><span class='ocrx_word' id='word_1_63' title='bbox 60 908 196 976; x_wconf 79' lang='lat' dir='ltr'>rriicantis.</span> <span class='ocrx_word' id='word_1_64' title='bbox 217 905 320 960; x_wconf 79' lang='lat' dir='ltr'>Iratum</span> <span class='ocrx_word' id='word_1_65' title='bbox 340 905 390 959; x_wconf 92' lang='lat' dir='ltr'>sibi</span> <span class='ocrx_word' id='word_1_66' title='bbox 410 905 550 958; x_wconf 83' lang='lat' dir='ltr'>Dominum</span> <span class='ocrx_word' id='word_1_67' title='bbox 565 902 709 968; x_wconf 83' lang='lat' dir='ltr'>credebat,</span> <span class='ocrx_word' id='word_1_68' title='bbox 729 903 854 972; x_wconf 89' lang='lat' dir='ltr'>quoniam</span> 
     </span>
     <span class='ocr_line' id='line_1_11' title="bbox 62 995 580 1070; baseline -0.012 -16"><span class='ocrx_word' id='word_1_69' title='bbox 62 1002 179 1056; x_wconf 87' lang='lat' dir='ltr'>bumana</span> <span class='ocrx_word' id='word_1_70' title='bbox 188 999 279 1070; x_wconf 89' lang='lat' dir='ltr'>generi</span> <span class='ocrx_word' id='word_1_71' title='bbox 293 997 436 1052; x_wconf 84' lang='lat' dir='ltr'>subtcttire</span> <span class='ocrx_word' id='word_1_72' title='bbox 448 995 580 1050; x_wconf 89' lang='lat' dir='ltr'>tardabat.</span> 
     </span>
    </p>

    <p class='ocr_par' dir='ltr' id='par_1_6' title="bbox 61 1083 856 1698">
     <span class='ocr_line' id='line_1_12' title="bbox 98 1083 854 1158; baseline -0.011 -14"><span class='ocrx_word' id='word_1_73' title='bbox 98 1092 174 1146; x_wconf 80' lang='lat' dir='ltr'>Vera.</span> <span class='ocrx_word' id='word_1_74' title='bbox 185 1093 212 1148; x_wconf 81' lang='lat' dir='ltr'>s.</span> <span class='ocrx_word' id='word_1_75' title='bbox 225 1088 324 1145; x_wconf 77' lang='lat' dir='ltr'>citabis</span> <span class='ocrx_word' id='word_1_76' title='bbox 332 1105 378 1143; x_wconf 90' lang='lat' dir='ltr'>nas</span> <span class='ocrx_word' id='word_1_77' title='bbox 388 1104 453 1158; x_wconf 88' lang='lat' dir='ltr'>pane</span> <span class='ocrx_word' id='word_1_78' title='bbox 461 1088 643 1158; x_wconf 70' lang='lat' dir='ltr'>lacrumarum,</span> <span class='ocrx_word' id='word_1_79' title='bbox 654 1095 678 1140; x_wconf 90' lang='lat' dir='ltr'>et</span> <span class='ocrx_word' id='word_1_80' title='bbox 688 1083 854 1156; x_wconf 77' lang='lat' dir='ltr'>patantdabis</span> 
     </span>
     <span class='ocr_line' id='line_1_13' title="bbox 61 1173 853 1251; baseline -0.009 -17"><span class='ocrx_word' id='word_1_81' title='bbox 61 1182 172 1238; x_wconf 81' lang='lat' dir='ltr'>nedisin</span> <span class='ocrx_word' id='word_1_82' title='bbox 187 1182 307 1251; x_wconf 74' lang='lat' dir='ltr'>lacrymis</span> <span class='ocrx_word' id='word_1_83' title='bbox 328 1181 353 1232; x_wconf 92' lang='lat' dir='ltr'>in</span> <span class='ocrx_word' id='word_1_84' title='bbox 375 1179 514 1233; x_wconf 85' lang='lat' dir='ltr'>mensura?</span> <span class='ocrx_word' id='word_1_85' title='bbox 537 1177 678 1247; x_wconf 88' lang='lat' dir='ltr'>Postquam</span> <span class='ocrx_word' id='word_1_86' title='bbox 700 1190 730 1231; x_wconf 82' lang='lat' dir='ltr'>se</span> <span class='ocrx_word' id='word_1_87' title='bbox 752 1173 853 1229; x_wconf 78' lang='lat' dir='ltr'>differri</span> 
     </span>
     <span class='ocr_line' id='line_1_14' title="bbox 62 1267 856 1342; baseline -0.006 -21"><span class='ocrx_word' id='word_1_88' title='bbox 62 1287 142 1342; x_wconf 70' lang='lat' dir='ltr'>posse</span> <span class='ocrx_word' id='word_1_89' title='bbox 156 1276 343 1340; x_wconf 83' lang='lat' dir='ltr'>praesenserat,</span> <span class='ocrx_word' id='word_1_90' title='bbox 354 1276 495 1323; x_wconf 79' lang='lat' dir='ltr'>enumerat</span> <span class='ocrx_word' id='word_1_91' title='bbox 505 1267 573 1321; x_wconf 89' lang='lat' dir='ltr'>maia</span> <span class='ocrx_word' id='word_1_92' title='bbox 585 1281 644 1335; x_wconf 81' lang='lat' dir='ltr'>que</span> <span class='ocrx_word' id='word_1_93' title='bbox 656 1280 784 1335; x_wconf 86' lang='lat' dir='ltr'>passuras</span> <span class='ocrx_word' id='word_1_94' title='bbox 796 1271 856 1319; x_wconf 91' lang='lat' dir='ltr'>erat</span> 
     </span>
     <span class='ocr_line' id='line_1_15' title="bbox 62 1357 856 1434; baseline -0.009 -16"><span class='ocrx_word' id='word_1_95' title='bbox 62 1363 176 1434; x_wconf 83' lang='lat' dir='ltr'>populus</span> <span class='ocrx_word' id='word_1_96' title='bbox 189 1360 372 1416; x_wconf 80' lang='lat' dir='ltr'>liebrmorutn.</span> <span class='ocrx_word' id='word_1_97' title='bbox 390 1360 458 1415; x_wconf 79' lang='lat' dir='ltr'>llicit</span> <span class='ocrx_word' id='word_1_98' title='bbox 472 1358 555 1424; x_wconf 89' lang='lat' dir='ltr'>enim,</span> <span class='ocrx_word' id='word_1_99' title='bbox 572 1357 673 1413; x_wconf 73' lang='lat' dir='ltr'>cibabis</span> <span class='ocrx_word' id='word_1_100' title='bbox 684 1375 730 1412; x_wconf 87' lang='lat' dir='ltr'>nas</span> <span class='ocrx_word' id='word_1_101' title='bbox 741 1375 806 1428; x_wconf 79' lang='lat' dir='ltr'>parre</span> <span class='ocrx_word' id='word_1_102' title='bbox 817 1358 856 1411; x_wconf 91' lang='lat' dir='ltr'>ia·</span> 
     </span>
     <span class='ocr_line' id='line_1_16' title="bbox 63 1449 853 1524; baseline -0.009 -17"><span class='ocrx_word' id='word_1_103' title='bbox 63 1468 225 1524; x_wconf 66' lang='lat' dir='ltr'>ursmarum,</span> <span class='ocrx_word' id='word_1_104' title='bbox 244 1451 397 1521; x_wconf 82' lang='lat' dir='ltr'>significans</span> <span class='ocrx_word' id='word_1_105' title='bbox 416 1464 463 1504; x_wconf 86' lang='lat' dir='ltr'>eos</span> <span class='ocrx_word' id='word_1_106' title='bbox 484 1449 535 1504; x_wconf 88' lang='lat' dir='ltr'>sub</span> <span class='ocrx_word' id='word_1_107' title='bbox 560 1449 703 1504; x_wconf 80' lang='lat' dir='ltr'>sillictiouc</span> <span class='ocrx_word' id='word_1_108' title='bbox 728 1451 853 1502; x_wconf 75' lang='lat' dir='ltr'>uicturos.</span> 
     </span>
     <span class='ocr_line' id='line_1_17' title="bbox 67 1537 854 1610; baseline -0.008 -12"><span class='ocrx_word' id='word_1_109' title='bbox 67 1543 146 1598; x_wconf 80' lang='lat' dir='ltr'>Panis</span> <span class='ocrx_word' id='word_1_110' title='bbox 160 1541 230 1597; x_wconf 89' lang='lat' dir='ltr'>euim</span> <span class='ocrx_word' id='word_1_111' title='bbox 246 1542 416 1610; x_wconf 80' lang='lat' dir='ltr'>lacrymarum</span> <span class='ocrx_word' id='word_1_112' title='bbox 427 1541 479 1593; x_wconf 82' lang='lat' dir='ltr'>rita</span> <span class='ocrx_word' id='word_1_113' title='bbox 493 1549 533 1593; x_wconf 92' lang='lat' dir='ltr'>est</span> <span class='ocrx_word' id='word_1_114' title='bbox 548 1539 624 1608; x_wconf 87' lang='lat' dir='ltr'>plena</span> <span class='ocrx_word' id='word_1_115' title='bbox 638 1539 787 1603; x_wconf 86' lang='lat' dir='ltr'>dolortbtts;</span> <span class='ocrx_word' id='word_1_116' title='bbox 808 1537 854 1592; x_wconf 87' lang='lat' dir='ltr'>sed</span> 
     </span>
     <span class='ocr_line' id='line_1_18' title="bbox 65 1627 855 1698; baseline -0.013 -9"><span class='ocrx_word' id='word_1_117' title='bbox 65 1644 154 1690; x_wconf 88' lang='lat' dir='ltr'>tamen</span> <span class='ocrx_word' id='word_1_118' title='bbox 166 1633 192 1687; x_wconf 94' lang='lat' dir='ltr'>in</span> <span class='ocrx_word' id='word_1_119' title='bbox 203 1648 233 1687; x_wconf 90' lang='lat' dir='ltr'>ca</span> <span class='ocrx_word' id='word_1_120' title='bbox 243 1631 348 1686; x_wconf 83' lang='lat' dir='ltr'>Domini</span> <span class='ocrx_word' id='word_1_121' title='bbox 363 1629 535 1684; x_wconf 87' lang='lat' dir='ltr'>miseratione</span> <span class='ocrx_word' id='word_1_122' title='bbox 546 1645 560 1682; x_wconf 87' lang='lat' dir='ltr'>e</span> <span class='ocrx_word' id='word_1_123' title='bbox 572 1631 670 1692; x_wconf 87' lang='lat' dir='ltr'>bamur,</span> <span class='ocrx_word' id='word_1_124' title='bbox 685 1627 790 1698; x_wconf 90' lang='lat' dir='ltr'>quaudo</span> <span class='ocrx_word' id='word_1_125' title='bbox 800 1627 855 1682; x_wconf 85' lang='lat' dir='ltr'>cln-</span> 
     </span>
    </p>
   </div>
   <div class='ocr_carea' id='block_1_6' title="bbox 903 443 1693 1704">
    <p class='ocr_par' dir='ltr' id='par_1_7' title="bbox 903 443 1693 1704">
     <span class='ocr_line' id='line_1_19' title="bbox 903 443 1691 518; baseline 0.004 -20"><span class='ocrx_word' id='word_1_126' title='bbox 903 443 1014 498; x_wconf 90' lang='lat' dir='ltr'>dedntit</span> <span class='ocrx_word' id='word_1_127' title='bbox 1027 444 1131 512; x_wconf 89' lang='lat' dir='ltr'>magnis</span> <span class='ocrx_word' id='word_1_128' title='bbox 1145 443 1267 511; x_wconf 83' lang='lat' dir='ltr'>uotisque</span> <span class='ocrx_word' id='word_1_129' title='bbox 1285 443 1434 511; x_wconf 82' lang='lat' dir='ltr'>mirac&#39;ulis,</span> <span class='ocrx_word' id='word_1_130' title='bbox 1449 452 1477 498; x_wconf 90' lang='lat' dir='ltr'>ct</span> <span class='ocrx_word' id='word_1_131' title='bbox 1488 445 1610 514; x_wconf 86' lang='lat' dir='ltr'>expulsis</span> <span class='ocrx_word' id='word_1_132' title='bbox 1624 462 1691 518; x_wconf 83' lang='lat' dir='ltr'>geu·</span> 
     </span>
     <span class='ocr_line' id='line_1_20' title="bbox 905 534 1692 604; baseline 0.005 -14"><span class='ocrx_word' id='word_1_133' title='bbox 905 535 987 597; x_wconf 84' lang='lat' dir='ltr'>tibus,</span> <span class='ocrx_word' id='word_1_134' title='bbox 1003 534 1028 589; x_wconf 92' lang='lat' dir='ltr'>id</span> <span class='ocrx_word' id='word_1_135' title='bbox 1046 544 1102 601; x_wconf 88' lang='lat' dir='ltr'>est,</span> <span class='ocrx_word' id='word_1_136' title='bbox 1117 535 1294 601; x_wconf 83' lang='lat' dir='ltr'>limorrltaeis,</span> <span class='ocrx_word' id='word_1_137' title='bbox 1307 534 1433 598; x_wconf 78' lang='lat' dir='ltr'>Cotbais,</span> <span class='ocrx_word' id='word_1_138' title='bbox 1456 536 1599 604; x_wconf 72' lang='lat' dir='ltr'>lebamus,</span> <span class='ocrx_word' id='word_1_139' title='bbox 1611 548 1692 594; x_wconf 71' lang='lat' dir='ltr'>cacte-</span> 
     </span>
     <span class='ocr_line' id='line_1_21' title="bbox 904 626 1692 697; baseline 0 -15"><span class='ocrx_word' id='word_1_140' title='bbox 904 627 993 695; x_wconf 84' lang='lat' dir='ltr'>risquc</span> <span class='ocrx_word' id='word_1_141' title='bbox 1005 627 1064 682; x_wconf 84' lang='lat' dir='ltr'>aliis</span> <span class='ocrx_word' id='word_1_142' title='bbox 1076 628 1193 680; x_wconf 89' lang='lat' dir='ltr'>littitimis</span> <span class='ocrx_word' id='word_1_143' title='bbox 1206 641 1308 690; x_wconf 89' lang='lat' dir='ltr'>curum,</span> <span class='ocrx_word' id='word_1_144' title='bbox 1326 635 1449 696; x_wconf 89' lang='lat' dir='ltr'>tauquam</span> <span class='ocrx_word' id='word_1_145' title='bbox 1465 628 1593 682; x_wconf 77' lang='lat' dir='ltr'>ntimbiiis</span> <span class='ocrx_word' id='word_1_146' title='bbox 1610 626 1692 697; x_wconf 69' lang='lat' dir='ltr'>&#39;plan-</span> 
     </span>
     <span class='ocr_line' id='line_1_22' title="bbox 903 717 1691 784; baseline 0.003 -14"><span class='ocrx_word' id='word_1_147' title='bbox 903 717 968 770; x_wconf 82' lang='lat' dir='ltr'>tuuit</span> <span class='ocrx_word' id='word_1_148' title='bbox 982 717 1107 784; x_wconf 88' lang='lat' dir='ltr'>agricola.</span> <span class='ocrx_word' id='word_1_149' title='bbox 1125 717 1180 770; x_wconf 89' lang='lat' dir='ltr'>linc</span> <span class='ocrx_word' id='word_1_150' title='bbox 1201 728 1241 768; x_wconf 78' lang='lat' dir='ltr'>cst</span> <span class='ocrx_word' id='word_1_151' title='bbox 1255 717 1423 769; x_wconf 85' lang='lat' dir='ltr'>testimonium</span> <span class='ocrx_word' id='word_1_152' title='bbox 1435 717 1567 772; x_wconf 75' lang='lat' dir='ltr'>redditum</span> <span class='ocrx_word' id='word_1_153' title='bbox 1587 717 1620 772; x_wconf 88' lang='lat' dir='ltr'>de</span> <span class='ocrx_word' id='word_1_154' title='bbox 1639 717 1691 772; x_wconf 86' lang='lat' dir='ltr'>im·</span> 
     </span>
     <span class='ocr_line' id='line_1_23' title="bbox 904 807 1690 877; baseline 0.003 -15"><span class='ocrx_word' id='word_1_155' title='bbox 904 808 1010 862; x_wconf 90' lang='lat' dir='ltr'>mutatis</span> <span class='ocrx_word' id='word_1_156' title='bbox 1034 807 1161 869; x_wconf 77' lang='lat' dir='ltr'>liebraeis,</span> <span class='ocrx_word' id='word_1_157' title='bbox 1187 807 1256 877; x_wconf 93' lang='lat' dir='ltr'>quud</span> <span class='ocrx_word' id='word_1_158' title='bbox 1276 808 1428 862; x_wconf 77' lang='lat' dir='ltr'>continetur</span> <span class='ocrx_word' id='word_1_159' title='bbox 1446 807 1471 861; x_wconf 90' lang='lat' dir='ltr'>in</span> <span class='ocrx_word' id='word_1_160' title='bbox 1494 809 1582 863; x_wconf 92' lang='lat' dir='ltr'>titula.</span> <span class='ocrx_word' id='word_1_161' title='bbox 1610 808 1690 864; x_wconf 83' lang='lat' dir='ltr'>Vince</span> 
     </span>
     <span class='ocr_line' id='line_1_24' title="bbox 903 898 1689 971; baseline 0.006 -19"><span class='ocrx_word' id='word_1_162' title='bbox 903 899 1034 968; x_wconf 76' lang='lat' dir='ltr'>squidem</span> <span class='ocrx_word' id='word_1_163' title='bbox 1053 899 1178 953; x_wconf 79' lang='lat' dir='ltr'>Ecclesia</span> <span class='ocrx_word' id='word_1_164' title='bbox 1192 909 1219 952; x_wconf 91' lang='lat' dir='ltr'>et</span> <span class='ocrx_word' id='word_1_165' title='bbox 1240 898 1282 951; x_wconf 90' lang='lat' dir='ltr'>bic</span> <span class='ocrx_word' id='word_1_166' title='bbox 1306 899 1485 966; x_wconf 77' lang='lat' dir='ltr'>pulcherrime</span> <span class='ocrx_word' id='word_1_167' title='bbox 1499 914 1689 971; x_wconf 85' lang='lat' dir='ltr'>comparatur:</span> 
     </span>
     <span class='ocr_line' id='line_1_25' title="bbox 903 986 1692 1057; baseline 0.01 -16"><span class='ocrx_word' id='word_1_168' title='bbox 903 989 1030 1057; x_wconf 87' lang='lat' dir='ltr'>quoniam</span> <span class='ocrx_word' id='word_1_169' title='bbox 1040 988 1158 1042; x_wconf 89' lang='lat' dir='ltr'>sicutitla</span> <span class='ocrx_word' id='word_1_170' title='bbox 1168 987 1236 1040; x_wconf 91' lang='lat' dir='ltr'>iuter</span> <span class='ocrx_word' id='word_1_171' title='bbox 1248 986 1310 1040; x_wconf 89' lang='lat' dir='ltr'>lolia</span> <span class='ocrx_word' id='word_1_172' title='bbox 1322 987 1421 1042; x_wconf 87' lang='lat' dir='ltr'>caduca</span> <span class='ocrx_word' id='word_1_173' title='bbox 1435 991 1600 1045; x_wconf 80' lang='lat' dir='ltr'>necessarios</span> <span class='ocrx_word' id='word_1_174' title='bbox 1610 992 1692 1048; x_wconf 89' lang='lat' dir='ltr'>inlert</span> 
     </span>
     <span class='ocr_line' id='line_1_26' title="bbox 905 1078 1690 1155; baseline 0.01 -22"><span class='ocrx_word' id='word_1_175' title='bbox 905 1078 1015 1146; x_wconf 91' lang='lat' dir='ltr'>lructus,</span> <span class='ocrx_word' id='word_1_176' title='bbox 1028 1081 1103 1135; x_wconf 85' lang='lat' dir='ltr'>sicet</span> <span class='ocrx_word' id='word_1_177' title='bbox 1114 1082 1162 1135; x_wconf 85' lang='lat' dir='ltr'>ista</span> <span class='ocrx_word' id='word_1_178' title='bbox 1173 1082 1241 1135; x_wconf 90' lang='lat' dir='ltr'>iuter</span> <span class='ocrx_word' id='word_1_179' title='bbox 1252 1082 1343 1137; x_wconf 90' lang='lat' dir='ltr'>turbas</span> <span class='ocrx_word' id='word_1_180' title='bbox 1358 1083 1512 1138; x_wconf 86' lang='lat' dir='ltr'>umbratiles</span> <span class='ocrx_word' id='word_1_181' title='bbox 1526 1087 1690 1155; x_wconf 89' lang='lat' dir='ltr'>peccantium</span> 
     </span>
     <span class='ocr_line' id='line_1_27' title="bbox 904 1174 1691 1248; baseline 0.008 -20"><span class='ocrx_word' id='word_1_182' title='bbox 904 1185 1014 1229; x_wconf 89' lang='lat' dir='ltr'>ornatur</span> <span class='ocrx_word' id='word_1_183' title='bbox 1029 1174 1277 1243; x_wconf 62' lang='lat' dir='ltr'>mogontinorum,</span> <span class='ocrx_word' id='word_1_184' title='bbox 1293 1176 1337 1244; x_wconf 89' lang='lat' dir='ltr'>qui</span> <span class='ocrx_word' id='word_1_185' title='bbox 1352 1178 1442 1231; x_wconf 77' lang='lat' dir='ltr'>sacnti</span> <span class='ocrx_word' id='word_1_186' title='bbox 1459 1176 1691 1248; x_wconf 81' lang='lat' dir='ltr'>lmjusaissictioue</span> 
     </span>
     <span class='ocr_line' id='line_1_28' title="bbox 906 1266 1692 1336; baseline 0.005 -16"><span class='ocrx_word' id='word_1_187' title='bbox 906 1273 1030 1335; x_wconf 89' lang='lat' dir='ltr'>tanquam</span> <span class='ocrx_word' id='word_1_188' title='bbox 1046 1266 1223 1320; x_wconf 77' lang='lat' dir='ltr'>torcularibus</span> <span class='ocrx_word' id='word_1_189' title='bbox 1238 1268 1338 1336; x_wconf 89' lang='lat' dir='ltr'>pressi,</span> <span class='ocrx_word' id='word_1_190' title='bbox 1358 1283 1480 1335; x_wconf 85' lang='lat' dir='ltr'>saporem</span> <span class='ocrx_word' id='word_1_191' title='bbox 1500 1280 1598 1324; x_wconf 89' lang='lat' dir='ltr'>norunt</span> <span class='ocrx_word' id='word_1_192' title='bbox 1619 1286 1692 1325; x_wconf 87' lang='lat' dir='ltr'>etua-</span> 
     </span>
     <span class='ocr_line' id='line_1_29' title="bbox 907 1356 1693 1429; baseline 0.005 -18"><span class='ocrx_word' id='word_1_193' title='bbox 907 1373 972 1412; x_wconf 90' lang='lat' dir='ltr'>nare</span> <span class='ocrx_word' id='word_1_194' title='bbox 987 1356 1180 1411; x_wconf 87' lang='lat' dir='ltr'>dulcissimum.</span> <span class='ocrx_word' id='word_1_195' title='bbox 1204 1357 1265 1413; x_wconf 86' lang='lat' dir='ltr'>Sita</span> <span class='ocrx_word' id='word_1_196' title='bbox 1284 1359 1344 1427; x_wconf 85' lang='lat' dir='ltr'>quia</span> <span class='ocrx_word' id='word_1_197' title='bbox 1365 1358 1434 1414; x_wconf 89' lang='lat' dir='ltr'>lassa</span> <span class='ocrx_word' id='word_1_198' title='bbox 1460 1359 1518 1428; x_wconf 90' lang='lat' dir='ltr'>plus</span> <span class='ocrx_word' id='word_1_199' title='bbox 1533 1361 1651 1429; x_wconf 89' lang='lat' dir='ltr'>proiicit,</span> <span class='ocrx_word' id='word_1_200' title='bbox 1666 1371 1693 1415; x_wconf 87' lang='lat' dir='ltr'>et</span> 
     </span>
     <span class='ocr_line' id='line_1_30' title="bbox 907 1448 1691 1520; baseline 0.003 -17"><span class='ocrx_word' id='word_1_201' title='bbox 907 1459 999 1520; x_wconf 88' lang='lat' dir='ltr'>putata</span> <span class='ocrx_word' id='word_1_202' title='bbox 1012 1448 1216 1515; x_wconf 87' lang='lat' dir='ltr'>multiplicatur,</span> <span class='ocrx_word' id='word_1_203' title='bbox 1231 1449 1300 1517; x_wconf 92' lang='lat' dir='ltr'>quod</span> <span class='ocrx_word' id='word_1_204' title='bbox 1315 1449 1364 1503; x_wconf 89' lang='lat' dir='ltr'>soli</span> <span class='ocrx_word' id='word_1_205' title='bbox 1387 1451 1482 1505; x_wconf 91' lang='lat' dir='ltr'>merito</span> <span class='ocrx_word' id='word_1_206' title='bbox 1501 1451 1579 1505; x_wconf 82' lang='lat' dir='ltr'>datur</span> <span class='ocrx_word' id='word_1_207' title='bbox 1599 1452 1691 1506; x_wconf 74' lang='lat' dir='ltr'>Ecc&#39;e·</span> 
     </span>
     <span class='ocr_line' id='line_1_31' title="bbox 907 1538 1693 1612; baseline 0.006 -19"><span class='ocrx_word' id='word_1_208' title='bbox 907 1541 964 1604; x_wconf 82' lang='lat' dir='ltr'>sim,</span> <span class='ocrx_word' id='word_1_209' title='bbox 980 1554 1038 1609; x_wconf 78' lang='lat' dir='ltr'>quae</span> <span class='ocrx_word' id='word_1_210' title='bbox 1052 1539 1118 1593; x_wconf 70' lang='lat' dir='ltr'>solet</span> <span class='ocrx_word' id='word_1_211' title='bbox 1136 1540 1265 1607; x_wconf 89' lang='lat' dir='ltr'>passionis</span> <span class='ocrx_word' id='word_1_212' title='bbox 1282 1538 1348 1595; x_wconf 84' lang='lat' dir='ltr'>ialce</span> <span class='ocrx_word' id='word_1_213' title='bbox 1364 1554 1502 1610; x_wconf 80' lang='lat' dir='ltr'>crescere,</span> <span class='ocrx_word' id='word_1_214' title='bbox 1519 1551 1546 1596; x_wconf 91' lang='lat' dir='ltr'>ct</span> <span class='ocrx_word' id='word_1_215' title='bbox 1568 1557 1693 1612; x_wconf 74' lang='lat' dir='ltr'>persecu·</span> 
     </span>
     <span class='ocr_line' id='line_1_32' title="bbox 906 1631 1691 1704; baseline 0.006 -20"><span class='ocrx_word' id='word_1_216' title='bbox 906 1632 1008 1684; x_wconf 88' lang='lat' dir='ltr'>tionum</span> <span class='ocrx_word' id='word_1_217' title='bbox 1025 1631 1107 1700; x_wconf 89' lang='lat' dir='ltr'>plagis</span> <span class='ocrx_word' id='word_1_218' title='bbox 1123 1632 1149 1684; x_wconf 92' lang='lat' dir='ltr'>in</span> <span class='ocrx_word' id='word_1_219' title='bbox 1170 1640 1262 1686; x_wconf 86' lang='lat' dir='ltr'>sancto</span> <span class='ocrx_word' id='word_1_220' title='bbox 1277 1631 1374 1700; x_wconf 91' lang='lat' dir='ltr'>populo</span> <span class='ocrx_word' id='word_1_221' title='bbox 1398 1645 1504 1702; x_wconf 79' lang='lat' dir='ltr'>sempor</span> <span class='ocrx_word' id='word_1_222' title='bbox 1522 1633 1623 1704; x_wconf 87' lang='lat' dir='ltr'>augeri.</span> <span class='ocrx_word' id='word_1_223' title='bbox 1639 1633 1691 1689; x_wconf 89' lang='lat' dir='ltr'>Sed</span> 
     </span>
    </p>
   </div>
   <div class='ocr_carea' id='block_1_7' title="bbox 65 1718 1691 2338">
    <p class='ocr_par' dir='ltr' id='par_1_8' title="bbox 65 1718 1691 2338">
     <span class='ocr_line' id='line_1_33' title="bbox 65 1718 1691 1793; baseline 0 -14"><span class='ocrx_word' id='word_1_224' title='bbox 65 1725 145 1779; x_wconf 88' lang='lat' dir='ltr'>dibus</span> <span class='ocrx_word' id='word_1_225' title='bbox 154 1722 332 1793; x_wconf 81' lang='lat' dir='ltr'>aerumttique</span> <span class='ocrx_word' id='word_1_226' title='bbox 344 1736 396 1775; x_wconf 93' lang='lat' dir='ltr'>nou</span> <span class='ocrx_word' id='word_1_227' title='bbox 409 1720 613 1789; x_wconf 77' lang='lat' dir='ltr'>exstinguimur,</span> <span class='ocrx_word' id='word_1_228' title='bbox 628 1718 676 1772; x_wconf 90' lang='lat' dir='ltr'>sed</span> <span class='ocrx_word' id='word_1_229' title='bbox 691 1719 779 1787; x_wconf 89' lang='lat' dir='ltr'>potius</span> <span class='ocrx_word' id='word_1_230' title='bbox 793 1733 853 1773; x_wconf 88' lang='lat' dir='ltr'>eru·</span> <span class='ocrx_word' id='word_1_231' title='bbox 869 1720 962 1778; x_wconf 82' lang='lat' dir='ltr'>Bltmc</span> <span class='ocrx_word' id='word_1_232' title='bbox 984 1723 1057 1775; x_wconf 88' lang='lat' dir='ltr'>uinea</span> <span class='ocrx_word' id='word_1_233' title='bbox 1080 1721 1303 1790; x_wconf 85' lang='lat' dir='ltr'>quemadmodum</span> <span class='ocrx_word' id='word_1_234' title='bbox 1325 1736 1372 1791; x_wconf 94' lang='lat' dir='ltr'>per</span> <span class='ocrx_word' id='word_1_235' title='bbox 1390 1722 1543 1777; x_wconf 79' lang='lat' dir='ltr'>universum</span> <span class='ocrx_word' id='word_1_236' title='bbox 1563 1723 1691 1779; x_wconf 89' lang='lat' dir='ltr'>muudum</span> 
     </span>
     <span class='ocr_line' id='line_1_34' title="bbox 65 1806 852 1884; baseline -0.018 -13"><span class='ocrx_word' id='word_1_237' title='bbox 65 1816 165 1871; x_wconf 80' lang='lat' dir='ltr'>dimus.</span> <span class='ocrx_word' id='word_1_238' title='bbox 187 1814 324 1884; x_wconf 81' lang='lat' dir='ltr'>Sequitur,</span> <span class='ocrx_word' id='word_1_239' title='bbox 339 1821 362 1866; x_wconf 88' lang='lat' dir='ltr'>et</span> <span class='ocrx_word' id='word_1_240' title='bbox 384 1822 470 1882; x_wconf 85' lang='lat' dir='ltr'>patum</span> <span class='ocrx_word' id='word_1_241' title='bbox 490 1810 561 1863; x_wconf 85' lang='lat' dir='ltr'>dadis</span> <span class='ocrx_word' id='word_1_242' title='bbox 581 1808 652 1862; x_wconf 87' lang='lat' dir='ltr'>nobis</span> <span class='ocrx_word' id='word_1_243' title='bbox 677 1810 703 1859; x_wconf 91' lang='lat' dir='ltr'>in</span> <span class='ocrx_word' id='word_1_244' title='bbox 724 1806 852 1875; x_wconf 85' lang='lat' dir='ltr'>iacrgntis.</span> 
     </span>
     <span class='ocr_line' id='line_1_35' title="bbox 67 1895 856 1974; baseline -0.016 -11"><span class='ocrx_word' id='word_1_245' title='bbox 67 1907 145 1963; x_wconf 81' lang='lat' dir='ltr'>Prius</span> <span class='ocrx_word' id='word_1_246' title='bbox 155 1905 224 1960; x_wconf 82' lang='lat' dir='ltr'>dixit</span> <span class='ocrx_word' id='word_1_247' title='bbox 231 1919 340 1974; x_wconf 82' lang='lat' dir='ltr'>panem:</span> <span class='ocrx_word' id='word_1_248' title='bbox 351 1916 420 1956; x_wconf 89' lang='lat' dir='ltr'>nuuc</span> <span class='ocrx_word' id='word_1_249' title='bbox 429 1901 493 1955; x_wconf 91' lang='lat' dir='ltr'>dicit</span> <span class='ocrx_word' id='word_1_250' title='bbox 504 1909 530 1955; x_wconf 90' lang='lat' dir='ltr'>et</span> <span class='ocrx_word' id='word_1_251' title='bbox 541 1909 637 1967; x_wconf 90' lang='lat' dir='ltr'>patum.</span> <span class='ocrx_word' id='word_1_252' title='bbox 651 1897 702 1952; x_wconf 91' lang='lat' dir='ltr'>lsta</span> <span class='ocrx_word' id='word_1_253' title='bbox 717 1896 789 1950; x_wconf 89' lang='lat' dir='ltr'>cuim</span> <span class='ocrx_word' id='word_1_254' title='bbox 802 1895 856 1950; x_wconf 91' lang='lat' dir='ltr'>duo</span> 
     </span>
     <span class='ocr_line' id='line_1_36' title="bbox 66 1989 856 2066; baseline -0.015 -15"><span class='ocrx_word' id='word_1_255' title='bbox 66 2005 130 2051; x_wconf 85' lang='lat' dir='ltr'>sunt</span> <span class='ocrx_word' id='word_1_256' title='bbox 151 1998 247 2066; x_wconf 90' lang='lat' dir='ltr'>quibus</span> <span class='ocrx_word' id='word_1_257' title='bbox 266 1994 331 2048; x_wconf 81' lang='lat' dir='ltr'>sirit</span> <span class='ocrx_word' id='word_1_258' title='bbox 351 1993 438 2046; x_wconf 89' lang='lat' dir='ltr'>omnis</span> <span class='ocrx_word' id='word_1_259' title='bbox 462 1989 630 2052; x_wconf 86' lang='lat' dir='ltr'>humanitas,</span> <span class='ocrx_word' id='word_1_260' title='bbox 652 1995 681 2040; x_wconf 95' lang='lat' dir='ltr'>ut</span> <span class='ocrx_word' id='word_1_261' title='bbox 702 2003 792 2056; x_wconf 88' lang='lat' dir='ltr'>panem</span> <span class='ocrx_word' id='word_1_262' title='bbox 809 1999 856 2053; x_wconf 89' lang='lat' dir='ltr'>pro</span> 
     </span>
     <span class='ocr_line' id='line_1_37' title="bbox 66 2075 855 2157; baseline -0.008 -22"><span class='ocrx_word' id='word_1_263' title='bbox 66 2085 185 2157; x_wconf 82' lang='lat' dir='ltr'>qualibet</span> <span class='ocrx_word' id='word_1_264' title='bbox 196 2096 256 2137; x_wconf 86' lang='lat' dir='ltr'>esca</span> <span class='ocrx_word' id='word_1_265' title='bbox 272 2096 372 2151; x_wconf 82' lang='lat' dir='ltr'>panas,</span> <span class='ocrx_word' id='word_1_266' title='bbox 388 2089 476 2148; x_wconf 77' lang='lat' dir='ltr'>patrem</span> <span class='ocrx_word' id='word_1_267' title='bbox 498 2093 545 2147; x_wconf 93' lang='lat' dir='ltr'>pra</span> <span class='ocrx_word' id='word_1_268' title='bbox 560 2078 632 2131; x_wconf 88' lang='lat' dir='ltr'>orttui</span> <span class='ocrx_word' id='word_1_269' title='bbox 650 2075 767 2146; x_wconf 91' lang='lat' dir='ltr'>potione.</span> <span class='ocrx_word' id='word_1_270' title='bbox 789 2075 855 2129; x_wconf 82' lang='lat' dir='ltr'>Nam</span> 
     </span>
     <span class='ocr_line' id='line_1_38' title="bbox 67 2164 856 2246; baseline -0.015 -16"><span class='ocrx_word' id='word_1_271' title='bbox 67 2175 140 2246; x_wconf 90' lang='lat' dir='ltr'>quod</span> <span class='ocrx_word' id='word_1_272' title='bbox 153 2185 256 2244; x_wconf 79' lang='lat' dir='ltr'>tempus</span> <span class='ocrx_word' id='word_1_273' title='bbox 269 2189 283 2225; x_wconf 91' lang='lat' dir='ltr'>a</span> <span class='ocrx_word' id='word_1_274' title='bbox 300 2172 423 2244; x_wconf 62' lang='lat' dir='ltr'>lacrymis</span> <span class='ocrx_word' id='word_1_275' title='bbox 437 2185 498 2225; x_wconf 88' lang='lat' dir='ltr'>esse</span> <span class='ocrx_word' id='word_1_276' title='bbox 510 2179 613 2238; x_wconf 90' lang='lat' dir='ltr'>poterat</span> <span class='ocrx_word' id='word_1_277' title='bbox 624 2181 745 2230; x_wconf 80' lang='lat' dir='ltr'>uacuum,</span> <span class='ocrx_word' id='word_1_278' title='bbox 759 2164 856 2234; x_wconf 87' lang='lat' dir='ltr'>quibus</span> 
     </span>
     <span class='ocr_line' id='line_1_39' title="bbox 68 2257 855 2338; baseline -0.023 -13"><span class='ocrx_word' id='word_1_279' title='bbox 68 2269 163 2338; x_wconf 87' lang='lat' dir='ltr'>etipsa</span> <span class='ocrx_word' id='word_1_280' title='bbox 178 2266 288 2322; x_wconf 88' lang='lat' dir='ltr'>relectio</span> <span class='ocrx_word' id='word_1_281' title='bbox 300 2263 439 2319; x_wconf 70' lang='lat' dir='ltr'>ridebunt</span> <span class='ocrx_word' id='word_1_282' title='bbox 453 2276 513 2316; x_wconf 90' lang='lat' dir='ltr'>csse</span> <span class='ocrx_word' id='word_1_283' title='bbox 535 2260 665 2330; x_wconf 76' lang='lat' dir='ltr'>ploratio?</span> <span class='ocrx_word' id='word_1_284' title='bbox 682 2257 714 2311; x_wconf 92' lang='lat' dir='ltr'>in</span> <span class='ocrx_word' id='word_1_285' title='bbox 727 2273 855 2320; x_wconf 83' lang='lat' dir='ltr'>trierrsura,</span> 
     </span>
    </p>
   </div>
   <div class='ocr_carea' id='block_1_8' title="bbox 67 2344 858 3062">
    <p class='ocr_par' dir='ltr' id='par_1_9' title="bbox 67 2344 857 2701">
     <span class='ocr_line' id='line_1_40' title="bbox 68 2344 857 2417; baseline -0.022 -2"><span class='ocrx_word' id='word_1_286' title='bbox 68 2360 95 2415; x_wconf 90' lang='lat' dir='ltr'>itt</span> <span class='ocrx_word' id='word_1_287' title='bbox 110 2357 252 2413; x_wconf 87' lang='lat' dir='ltr'>distributo</span> <span class='ocrx_word' id='word_1_288' title='bbox 266 2353 372 2409; x_wconf 89' lang='lat' dir='ltr'>modulo</span> <span class='ocrx_word' id='word_1_289' title='bbox 387 2353 466 2415; x_wconf 91' lang='lat' dir='ltr'>dicit,</span> <span class='ocrx_word' id='word_1_290' title='bbox 481 2352 548 2405; x_wconf 81' lang='lat' dir='ltr'>sicut</span> <span class='ocrx_word' id='word_1_291' title='bbox 558 2350 594 2402; x_wconf 91' lang='lat' dir='ltr'>ait</span> <span class='ocrx_word' id='word_1_292' title='bbox 605 2349 746 2417; x_wconf 81' lang='lat' dir='ltr'>bpttstolus</span> <span class='ocrx_word' id='word_1_293' title='bbox 759 2365 764 2398; x_wconf 92' lang='lat'>:</span> <span class='ocrx_word' id='word_1_294' title='bbox 778 2344 857 2400; x_wconf 78' lang='lat' dir='ltr'>utn-</span> 
     </span>
     <span class='ocr_line' id='line_1_41' title="bbox 68 2433 857 2516; baseline -0.024 -11"><span class='ocrx_word' id='word_1_295' title='bbox 68 2451 100 2507; x_wconf 80' lang='lat' dir='ltr'>its</span> <span class='ocrx_word' id='word_1_296' title='bbox 116 2447 200 2514; x_wconf 82' lang='lat' dir='ltr'>Dens,</span> <span class='ocrx_word' id='word_1_297' title='bbox 219 2448 261 2516; x_wconf 69' lang='lat' dir='ltr'>qai</span> <span class='ocrx_word' id='word_1_298' title='bbox 278 2462 327 2498; x_wconf 87' lang='lat' dir='ltr'>aaa</span> <span class='ocrx_word' id='word_1_299' title='bbox 350 2445 458 2514; x_wconf 80' lang='lat' dir='ltr'>patietur</span> <span class='ocrx_word' id='word_1_300' title='bbox 480 2457 524 2494; x_wconf 84' lang='lat' dir='ltr'>aas</span> <span class='ocrx_word' id='word_1_301' title='bbox 540 2442 631 2492; x_wconf 85' lang='lat' dir='ltr'>tentari</span> <span class='ocrx_word' id='word_1_302' title='bbox 655 2454 732 2508; x_wconf 85' lang='lat' dir='ltr'>sapa</span> <span class='ocrx_word' id='word_1_303' title='bbox 752 2438 778 2490; x_wconf 87' lang='lat' dir='ltr'>id</span> <span class='ocrx_word' id='word_1_304' title='bbox 789 2433 857 2505; x_wconf 88' lang='lat' dir='ltr'>quad</span> 
     </span>
     <span class='ocr_line' id='line_1_42' title="bbox 69 2530 856 2611; baseline -0.022 -16"><span class='ocrx_word' id='word_1_305' title='bbox 69 2540 194 2611; x_wconf 80' lang='lat' dir='ltr'>potestis,</span> <span class='ocrx_word' id='word_1_306' title='bbox 215 2537 259 2591; x_wconf 86' lang='lat' dir='ltr'>sed</span> <span class='ocrx_word' id='word_1_307' title='bbox 282 2536 357 2603; x_wconf 73' lang='lat' dir='ltr'>{arist</span> <span class='ocrx_word' id='word_1_308' title='bbox 376 2549 433 2585; x_wconf 89' lang='lat' dir='ltr'>curu</span> <span class='ocrx_word' id='word_1_309' title='bbox 453 2532 590 2584; x_wconf 87' lang='lat' dir='ltr'>tentatione</span> <span class='ocrx_word' id='word_1_310' title='bbox 616 2530 691 2581; x_wconf 67' lang='lat' dir='ltr'>cium</span> <span class='ocrx_word' id='word_1_311' title='bbox 710 2538 856 2597; x_wconf 80' lang='lat' dir='ltr'>praestitum</span> 
     </span>
     <span class='ocr_line' id='line_1_43' title="bbox 67 2623 695 2701; baseline -0.025 -11"><span class='ocrx_word' id='word_1_312' title='bbox 67 2645 190 2697; x_wconf 81' lang='lat' dir='ltr'>restrmn,</span> <span class='ocrx_word' id='word_1_313' title='bbox 202 2642 228 2684; x_wconf 89' lang='lat' dir='ltr'>ut</span> <span class='ocrx_word' id='word_1_314' title='bbox 242 2629 342 2701; x_wconf 71' lang='lat' dir='ltr'>possitis</span> <span class='ocrx_word' id='word_1_315' title='bbox 354 2631 473 2681; x_wconf 79' lang='lat' dir='ltr'>srrrtinrrr</span> <span class='ocrx_word' id='word_1_316' title='bbox 489 2623 514 2692; x_wconf 84' lang='lat'>(1</span> <span class='ocrx_word' id='word_1_317' title='bbox 530 2623 589 2679; x_wconf 79' lang='lat' dir='ltr'>Car.</span> <span class='ocrx_word' id='word_1_318' title='bbox 603 2640 629 2688; x_wconf 83' lang='lat' dir='ltr'>x,</span> <span class='ocrx_word' id='word_1_319' title='bbox 640 2625 695 2690; x_wconf 76' lang='lat'>15).</span> 
     </span>
    </p>

    <p class='ocr_par' dir='ltr' id='par_1_10' title="bbox 67 2711 858 3062">
     <span class='ocr_line' id='line_1_44' title="bbox 106 2711 858 2777; baseline -0.019 0"><span class='ocrx_word' id='word_1_320' title='bbox 106 2722 183 2777; x_wconf 73' lang='lat' dir='ltr'>i&#39;crs.</span> <span class='ocrx_word' id='word_1_321' title='bbox 196 2721 222 2776; x_wconf 82' lang='lat' dir='ltr'>d.</span> <span class='ocrx_word' id='word_1_322' title='bbox 239 2720 351 2774; x_wconf 78' lang='lat' dir='ltr'>Posuisti</span> <span class='ocrx_word' id='word_1_323' title='bbox 367 2734 411 2770; x_wconf 85' lang='lat' dir='ltr'>aas</span> <span class='ocrx_word' id='word_1_324' title='bbox 426 2718 451 2768; x_wconf 87' lang='lat' dir='ltr'>in</span> <span class='ocrx_word' id='word_1_325' title='bbox 471 2715 696 2768; x_wconf 79' lang='lat' dir='ltr'>contradictionem</span> <span class='ocrx_word' id='word_1_326' title='bbox 707 2711 794 2764; x_wconf 86' lang='lat' dir='ltr'>uicinis</span> <span class='ocrx_word' id='word_1_327' title='bbox 809 2727 858 2764; x_wconf 89' lang='lat' dir='ltr'>tta-</span> 
     </span>
     <span class='ocr_line' id='line_1_45' title="bbox 67 2802 858 2879; baseline -0.018 -9"><span class='ocrx_word' id='word_1_328' title='bbox 67 2816 145 2879; x_wconf 88' lang='lat' dir='ltr'>stris,</span> <span class='ocrx_word' id='word_1_329' title='bbox 157 2823 180 2868; x_wconf 91' lang='lat' dir='ltr'>et</span> <span class='ocrx_word' id='word_1_330' title='bbox 193 2812 289 2866; x_wconf 88' lang='lat' dir='ltr'>inimici</span> <span class='ocrx_word' id='word_1_331' title='bbox 309 2809 386 2862; x_wconf 87' lang='lat' dir='ltr'>nostri</span> <span class='ocrx_word' id='word_1_332' title='bbox 398 2807 540 2860; x_wconf 86' lang='lat' dir='ltr'>dmiserant</span> <span class='ocrx_word' id='word_1_333' title='bbox 551 2820 605 2857; x_wconf 89' lang='lat' dir='ltr'>nos.</span> <span class='ocrx_word' id='word_1_334' title='bbox 625 2803 798 2856; x_wconf 68' lang='lat' dir='ltr'>contradictio</span> <span class='ocrx_word' id='word_1_335' title='bbox 814 2802 858 2856; x_wconf 89' lang='lat' dir='ltr'>illa</span> 
     </span>
     <span class='ocr_line' id='line_1_46' title="bbox 68 2893 858 2978; baseline -0.019 -16"><span class='ocrx_word' id='word_1_336' title='bbox 68 2905 180 2978; x_wconf 84' lang='lat' dir='ltr'>gentilis</span> <span class='ocrx_word' id='word_1_337' title='bbox 192 2901 331 2973; x_wconf 89' lang='lat' dir='ltr'>cogitanda</span> <span class='ocrx_word' id='word_1_338' title='bbox 352 2907 406 2961; x_wconf 72' lang='lat' dir='ltr'>cst,</span> <span class='ocrx_word' id='word_1_339' title='bbox 427 2912 485 2965; x_wconf 73' lang='lat' dir='ltr'>rpuao</span> <span class='ocrx_word' id='word_1_340' title='bbox 505 2897 644 2948; x_wconf 67' lang='lat' dir='ltr'>aris-arsum</span> <span class='ocrx_word' id='word_1_341' title='bbox 670 2893 858 2963; x_wconf 75' lang='lat' dir='ltr'>predicatores</span> 
     </span>
     <span class='ocr_line' id='line_1_47' title="bbox 69 2985 858 3062; baseline -0.016 -11"><span class='ocrx_word' id='word_1_342' title='bbox 69 2994 173 3052; x_wconf 71' lang='lat' dir='ltr'>cnossi</span> <span class='ocrx_word' id='word_1_343' title='bbox 194 2992 282 3062; x_wconf 89' lang='lat' dir='ltr'>pratis</span> <span class='ocrx_word' id='word_1_344' title='bbox 309 2988 523 3043; x_wconf 88' lang='lat' dir='ltr'>conteutimtibus</span> <span class='ocrx_word' id='word_1_345' title='bbox 546 2986 705 3054; x_wconf 67' lang='lat' dir='ltr'>erigebatur,</span> <span class='ocrx_word' id='word_1_346' title='bbox 720 2985 858 3038; x_wconf 88' lang='lat' dir='ltr'>credentes</span> 
     </span>
    </p>
   </div>
   <div class='ocr_carea' id='block_1_9' title="bbox 905 1810 1696 3048">
    <p class='ocr_par' dir='ltr' id='par_1_11' title="bbox 907 1810 1324 1878">
     <span class='ocr_line' id='line_1_48' title="bbox 907 1810 1324 1878; baseline -0.005 -12"><span class='ocrx_word' id='word_1_347' title='bbox 907 1810 1016 1866; x_wconf 76' lang='lat' dir='ltr'>dilatata</span> <span class='ocrx_word' id='word_1_348' title='bbox 1031 1813 1080 1878; x_wconf 89' lang='lat' dir='ltr'>sit,</span> <span class='ocrx_word' id='word_1_349' title='bbox 1095 1812 1188 1866; x_wconf 87' lang='lat' dir='ltr'>subter</span> <span class='ocrx_word' id='word_1_350' title='bbox 1203 1810 1324 1866; x_wconf 89' lang='lat' dir='ltr'>edicitur.</span> 
     </span>
    </p>

    <p class='ocr_par' dir='ltr' id='par_1_12' title="bbox 905 1900 1696 2877">
     <span class='ocr_line' id='line_1_49' title="bbox 942 1900 1693 1975; baseline 0.007 -23"><span class='ocrx_word' id='word_1_351' title='bbox 942 1902 1017 1955; x_wconf 67' lang='lat' dir='ltr'>Viris.</span> <span class='ocrx_word' id='word_1_352' title='bbox 1031 1902 1057 1956; x_wconf 90' lang='grc'>9.</span> <span class='ocrx_word' id='word_1_353' title='bbox 1073 1900 1147 1956; x_wconf 86' lang='lat' dir='ltr'>Viam</span> <span class='ocrx_word' id='word_1_354' title='bbox 1163 1902 1244 1970; x_wconf 73' lang='lat' dir='ltr'>[eristi</span> <span class='ocrx_word' id='word_1_355' title='bbox 1259 1903 1285 1955; x_wconf 91' lang='lat' dir='ltr'>in</span> <span class='ocrx_word' id='word_1_356' title='bbox 1300 1905 1547 1974; x_wconf 63' lang='lat' dir='ltr'>conspectantium</span> <span class='ocrx_word' id='word_1_357' title='bbox 1571 1903 1693 1975; x_wconf 73' lang='lat' dir='ltr'>plantasti</span> 
     </span>
     <span class='ocr_line' id='line_1_50' title="bbox 905 1992 1693 2062; baseline -0.003 -15"><span class='ocrx_word' id='word_1_358' title='bbox 905 1992 1004 2047; x_wconf 84' lang='lat' dir='ltr'>radices</span> <span class='ocrx_word' id='word_1_359' title='bbox 1017 1992 1083 2062; x_wconf 75' lang='lat' dir='ltr'>ejus,</span> <span class='ocrx_word' id='word_1_360' title='bbox 1097 2004 1120 2045; x_wconf 93' lang='lat' dir='ltr'>et</span> <span class='ocrx_word' id='word_1_361' title='bbox 1134 1993 1228 2061; x_wconf 84' lang='lat' dir='ltr'>repieta</span> <span class='ocrx_word' id='word_1_362' title='bbox 1238 2001 1276 2046; x_wconf 87' lang='lat' dir='ltr'>est</span> <span class='ocrx_word' id='word_1_363' title='bbox 1285 2002 1363 2048; x_wconf 91' lang='lat' dir='ltr'>terra.</span> <span class='ocrx_word' id='word_1_364' title='bbox 1377 1993 1421 2047; x_wconf 87' lang='lat' dir='ltr'>isti</span> <span class='ocrx_word' id='word_1_365' title='bbox 1438 1995 1522 2048; x_wconf 79' lang='lat' dir='ltr'>tinem</span> <span class='ocrx_word' id='word_1_366' title='bbox 1537 1993 1693 2059; x_wconf 74' lang='lat' dir='ltr'>luctuosa,</span> 
     </span>
     <span class='ocr_line' id='line_1_51' title="bbox 905 2082 1694 2153; baseline -0.001 -15"><span class='ocrx_word' id='word_1_367' title='bbox 905 2097 965 2153; x_wconf 78' lang='lat' dir='ltr'>que</span> <span class='ocrx_word' id='word_1_368' title='bbox 977 2083 1068 2136; x_wconf 89' lang='lat' dir='ltr'>mundi</span> <span class='ocrx_word' id='word_1_369' title='bbox 1084 2082 1168 2151; x_wconf 87' lang='lat' dir='ltr'>spatia</span> <span class='ocrx_word' id='word_1_370' title='bbox 1183 2082 1393 2152; x_wconf 85' lang='lat' dir='ltr'>comprehendit,</span> <span class='ocrx_word' id='word_1_371' title='bbox 1407 2085 1473 2136; x_wconf 86' lang='lat' dir='ltr'>uiant</span> <span class='ocrx_word' id='word_1_372' title='bbox 1484 2084 1542 2153; x_wconf 73' lang='lat' dir='ltr'>{ecit</span> <span class='ocrx_word' id='word_1_373' title='bbox 1554 2083 1694 2149; x_wconf 81' lang='lat' dir='ltr'>Dominus,</span> 
     </span>
     <span class='ocr_line' id='line_1_52' title="bbox 906 2174 1693 2246; baseline -0.003 -15"><span class='ocrx_word' id='word_1_374' title='bbox 906 2175 969 2231; x_wconf 92' lang='lat' dir='ltr'>dum</span> <span class='ocrx_word' id='word_1_375' title='bbox 982 2176 1040 2244; x_wconf 79' lang='lat' dir='ltr'>ejus</span> <span class='ocrx_word' id='word_1_376' title='bbox 1056 2174 1245 2243; x_wconf 86' lang='lat' dir='ltr'>conspectibus</span> <span class='ocrx_word' id='word_1_377' title='bbox 1264 2190 1392 2245; x_wconf 88' lang='lat' dir='ltr'>apparere</span> <span class='ocrx_word' id='word_1_378' title='bbox 1415 2175 1540 2246; x_wconf 84' lang='lat' dir='ltr'>diguatus</span> <span class='ocrx_word' id='word_1_379' title='bbox 1563 2184 1614 2230; x_wconf 88' lang='lat' dir='ltr'>est.</span> <span class='ocrx_word' id='word_1_380' title='bbox 1635 2174 1693 2245; x_wconf 87' lang='lat' dir='ltr'>lpsa</span> 
     </span>
     <span class='ocr_line' id='line_1_53' title="bbox 907 2264 1695 2338; baseline 0 -16"><span class='ocrx_word' id='word_1_381' title='bbox 907 2267 977 2322; x_wconf 93' lang='lat' dir='ltr'>euiru</span> <span class='ocrx_word' id='word_1_382' title='bbox 990 2265 1145 2334; x_wconf 82' lang='lat' dir='ltr'>proficiendi</span> <span class='ocrx_word' id='word_1_383' title='bbox 1166 2264 1319 2332; x_wconf 89' lang='lat' dir='ltr'>iuitcausa,</span> <span class='ocrx_word' id='word_1_384' title='bbox 1337 2274 1366 2319; x_wconf 91' lang='lat' dir='ltr'>ut</span> <span class='ocrx_word' id='word_1_385' title='bbox 1379 2280 1455 2320; x_wconf 90' lang='lat' dir='ltr'>suum</span> <span class='ocrx_word' id='word_1_386' title='bbox 1472 2266 1573 2322; x_wconf 85' lang='lat' dir='ltr'>uideret</span> <span class='ocrx_word' id='word_1_387' title='bbox 1592 2269 1695 2338; x_wconf 85' lang='lat' dir='ltr'>agrico-</span> 
     </span>
     <span class='ocr_line' id='line_1_54' title="bbox 907 2340 1696 2427; baseline 0.003 -17"><span class='ocrx_word' id='word_1_388' title='bbox 907 2357 971 2421; x_wconf 92' lang='lat' dir='ltr'>lam,</span> <span class='ocrx_word' id='word_1_389' title='bbox 987 2366 1014 2411; x_wconf 91' lang='lat' dir='ltr'>ot</span> <span class='ocrx_word' id='word_1_390' title='bbox 1027 2357 1061 2410; x_wconf 88' lang='lat' dir='ltr'>ab</span> <span class='ocrx_word' id='word_1_391' title='bbox 1075 2371 1108 2411; x_wconf 91' lang='lat' dir='ltr'>eo</span> <span class='ocrx_word' id='word_1_392' title='bbox 1128 2355 1239 2411; x_wconf 87' lang='lat' dir='ltr'>imbrem</span> <span class='ocrx_word' id='word_1_393' title='bbox 1255 2356 1450 2425; x_wconf 74' lang='lat' dir='ltr'>predicationis</span> <span class='ocrx_word' id='word_1_394' title='bbox 1461 2340 1611 2426; x_wconf 76' lang='lat' dir='ltr'>acciperet,</span> <span class='ocrx_word' id='word_1_395' title='bbox 1629 2374 1696 2427; x_wconf 92' lang='lat' dir='ltr'>qua-</span> 
     </span>
     <span class='ocr_line' id='line_1_55' title="bbox 909 2446 1695 2518; baseline -0.003 -13"><span class='ocrx_word' id='word_1_396' title='bbox 909 2461 986 2505; x_wconf 85' lang='lat' dir='ltr'>tcmts</span> <span class='ocrx_word' id='word_1_397' title='bbox 1006 2449 1106 2503; x_wconf 91' lang='lat' dir='ltr'>iructus</span> <span class='ocrx_word' id='word_1_398' title='bbox 1130 2448 1302 2503; x_wconf 76' lang='lat' dir='ltr'>suavissimos</span> <span class='ocrx_word' id='word_1_399' title='bbox 1328 2458 1488 2517; x_wconf 83' lang='lat' dir='ltr'>procrearet.</span> <span class='ocrx_word' id='word_1_400' title='bbox 1513 2448 1651 2518; x_wconf 89' lang='lat' dir='ltr'>Sequitur,</span> <span class='ocrx_word' id='word_1_401' title='bbox 1672 2446 1695 2503; x_wconf 88' lang='lat' dir='ltr'>e‘t</span> 
     </span>
     <span class='ocr_line' id='line_1_56' title="bbox 909 2539 1695 2613; baseline -0.003 -18"><span class='ocrx_word' id='word_1_402' title='bbox 909 2543 1028 2613; x_wconf 79' lang='lat' dir='ltr'>plantasti</span> <span class='ocrx_word' id='word_1_403' title='bbox 1044 2542 1142 2594; x_wconf 83' lang='lat' dir='ltr'>radices</span> <span class='ocrx_word' id='word_1_404' title='bbox 1154 2543 1220 2611; x_wconf 69' lang='lat' dir='ltr'>rpus,</span> <span class='ocrx_word' id='word_1_405' title='bbox 1231 2549 1255 2594; x_wconf 84' lang='lat' dir='ltr'>ct</span> <span class='ocrx_word' id='word_1_406' title='bbox 1270 2539 1365 2608; x_wconf 82' lang='lat' dir='ltr'>repieta</span> <span class='ocrx_word' id='word_1_407' title='bbox 1378 2550 1414 2594; x_wconf 91' lang='lat' dir='ltr'>est</span> <span class='ocrx_word' id='word_1_408' title='bbox 1430 2550 1508 2595; x_wconf 88' lang='lat' dir='ltr'>terra.</span> <span class='ocrx_word' id='word_1_409' title='bbox 1522 2541 1628 2594; x_wconf 77' lang='lat' dir='ltr'>Radices</span> <span class='ocrx_word' id='word_1_410' title='bbox 1640 2541 1695 2611; x_wconf 79' lang='lat' dir='ltr'>ejus</span> 
     </span>
     <span class='ocr_line' id='line_1_57' title="bbox 910 2628 1695 2701; baseline -0.004 -14"><span class='ocrx_word' id='word_1_411' title='bbox 910 2643 971 2687; x_wconf 88' lang='lat' dir='ltr'>sunt</span> <span class='ocrx_word' id='word_1_412' title='bbox 983 2631 1119 2701; x_wconf 78' lang='lat' dir='ltr'>prophete</span> <span class='ocrx_word' id='word_1_413' title='bbox 1133 2629 1249 2685; x_wconf 84' lang='lat' dir='ltr'>coele-tis</span> <span class='ocrx_word' id='word_1_414' title='bbox 1261 2628 1339 2699; x_wconf 81' lang='lat' dir='ltr'>Regis</span> <span class='ocrx_word' id='word_1_415' title='bbox 1352 2631 1507 2701; x_wconf 88' lang='lat' dir='ltr'>operatione</span> <span class='ocrx_word' id='word_1_416' title='bbox 1519 2629 1646 2698; x_wconf 85' lang='lat' dir='ltr'>plantati:</span> <span class='ocrx_word' id='word_1_417' title='bbox 1662 2645 1695 2684; x_wconf 90' lang='lat' dir='ltr'>ex</span> 
     </span>
     <span class='ocr_line' id='line_1_58' title="bbox 910 2718 1695 2791; baseline 0 -17"><span class='ocrx_word' id='word_1_418' title='bbox 910 2721 1006 2791; x_wconf 90' lang='lat' dir='ltr'>quibus</span> <span class='ocrx_word' id='word_1_419' title='bbox 1020 2720 1065 2773; x_wconf 91' lang='lat' dir='ltr'>illa</span> <span class='ocrx_word' id='word_1_420' title='bbox 1077 2719 1168 2773; x_wconf 81' lang='lat' dir='ltr'>felices</span> <span class='ocrx_word' id='word_1_421' title='bbox 1181 2718 1304 2789; x_wconf 82' lang='lat' dir='ltr'>palmites</span> <span class='ocrx_word' id='word_1_422' title='bbox 1320 2721 1440 2782; x_wconf 89' lang='lat' dir='ltr'>tendens,</span> <span class='ocrx_word' id='word_1_423' title='bbox 1451 2721 1604 2774; x_wconf 85' lang='lat' dir='ltr'>uniuersum</span> <span class='ocrx_word' id='word_1_424' title='bbox 1617 2736 1695 2774; x_wconf 90' lang='lat' dir='ltr'>mua·</span> 
     </span>
     <span class='ocr_line' id='line_1_59' title="bbox 910 2807 1605 2877; baseline -0.004 -12"><span class='ocrx_word' id='word_1_425' title='bbox 910 2811 973 2866; x_wconf 91' lang='lat' dir='ltr'>dum</span> <span class='ocrx_word' id='word_1_426' title='bbox 988 2808 1063 2877; x_wconf 74' lang='lat' dir='ltr'>‹guasi</span> <span class='ocrx_word' id='word_1_427' title='bbox 1076 2809 1186 2863; x_wconf 81' lang='lat' dir='ltr'>amoenis</span> <span class='ocrx_word' id='word_1_428' title='bbox 1202 2807 1264 2863; x_wconf 88' lang='lat' dir='ltr'>ildei</span> <span class='ocrx_word' id='word_1_429' title='bbox 1281 2809 1442 2863; x_wconf 90' lang='lat' dir='ltr'>umbraculis</span> <span class='ocrx_word' id='word_1_430' title='bbox 1457 2811 1605 2877; x_wconf 85' lang='lat' dir='ltr'>occuparit.</span> 
     </span>
    </p>

    <p class='ocr_par' dir='ltr' id='par_1_13' title="bbox 911 2898 1696 3048">
     <span class='ocr_line' id='line_1_60' title="bbox 949 2898 1696 2969; baseline 0 -16"><span class='ocrx_word' id='word_1_431' title='bbox 949 2901 1023 2956; x_wconf 76' lang='lat' dir='ltr'>lars.</span> <span class='ocrx_word' id='word_1_432' title='bbox 1039 2899 1079 2954; x_wconf 84' lang='lat' dir='ltr'>to.</span> <span class='ocrx_word' id='word_1_433' title='bbox 1094 2898 1199 2967; x_wconf 84' lang='lat' dir='ltr'>Operuit</span> <span class='ocrx_word' id='word_1_434' title='bbox 1214 2909 1308 2952; x_wconf 83' lang='lat' dir='ltr'>montes</span> <span class='ocrx_word' id='word_1_435' title='bbox 1318 2900 1406 2952; x_wconf 87' lang='lat' dir='ltr'>umbra</span> <span class='ocrx_word' id='word_1_436' title='bbox 1416 2900 1481 2969; x_wconf 78' lang='lat' dir='ltr'>ejas,</span> <span class='ocrx_word' id='word_1_437' title='bbox 1495 2906 1518 2951; x_wconf 91' lang='lat' dir='ltr'>et</span> <span class='ocrx_word' id='word_1_438' title='bbox 1529 2900 1696 2969; x_wconf 75' lang='lat' dir='ltr'>arbustaep&#39;ns</span> 
     </span>
     <span class='ocr_line' id='line_1_61' title="bbox 911 2990 1696 3048; baseline -0.003 -1"><span class='ocrx_word' id='word_1_439' title='bbox 911 2995 998 3048; x_wconf 84' lang='lat' dir='ltr'>cedros</span> <span class='ocrx_word' id='word_1_440' title='bbox 1013 2991 1070 3045; x_wconf 87' lang='lat' dir='ltr'>Dei.</span> <span class='ocrx_word' id='word_1_441' title='bbox 1086 2990 1207 3047; x_wconf 78' lang='lat' dir='ltr'>tarisum</span> <span class='ocrx_word' id='word_1_442' title='bbox 1221 3003 1246 3045; x_wconf 89' lang='lat' dir='ltr'>et</span> <span class='ocrx_word' id='word_1_443' title='bbox 1260 2990 1371 3045; x_wconf 93' lang='lat' dir='ltr'>altitudo</span> <span class='ocrx_word' id='word_1_444' title='bbox 1386 2990 1460 3044; x_wconf 85' lang='lat' dir='ltr'>istius</span> <span class='ocrx_word' id='word_1_445' title='bbox 1475 2990 1559 3044; x_wconf 85' lang='lat' dir='ltr'>vinem</span> <span class='ocrx_word' id='word_1_446' title='bbox 1570 2990 1696 3046; x_wconf 87' lang='lat' dir='ltr'>decenter</span> 
     </span>
    </p>
   </div>
   <div class='ocr_carea' id='block_1_10' title="bbox 69 3074 1696 3152">
    <p class='ocr_par' dir='ltr' id='par_1_14' title="bbox 69 3074 1696 3152">
     <span class='ocr_line' id='line_1_62' title="bbox 69 3074 1696 3152; baseline -0.006 -9"><span class='ocrx_word' id='word_1_447' title='bbox 69 3086 116 3140; x_wconf 83' lang='lat' dir='ltr'>illa</span> <span class='ocrx_word' id='word_1_448' title='bbox 131 3099 161 3139; x_wconf 89' lang='lat' dir='ltr'>se</span> <span class='ocrx_word' id='word_1_449' title='bbox 175 3097 252 3152; x_wconf 84' lang='lat' dir='ltr'>possa</span> <span class='ocrx_word' id='word_1_450' title='bbox 266 3079 421 3142; x_wconf 74' lang='lat' dir='ltr'>retentem,</span> <span class='ocrx_word' id='word_1_451' title='bbox 437 3094 496 3146; x_wconf 79' lang='lat' dir='ltr'>qun</span> <span class='ocrx_word' id='word_1_452' title='bbox 512 3076 537 3129; x_wconf 76' lang='lat' dir='ltr'>bt</span> <span class='ocrx_word' id='word_1_453' title='bbox 557 3075 662 3142; x_wconf 79' lang='lat' dir='ltr'>tempus</span> <span class='ocrx_word' id='word_1_454' title='bbox 677 3074 732 3127; x_wconf 77' lang='lat' dir='ltr'>suis</span> <span class='ocrx_word' id='word_1_455' title='bbox 750 3074 857 3127; x_wconf 78' lang='lat' dir='ltr'>riuetm-</span> <span class='ocrx_word' id='word_1_456' title='bbox 872 3082 894 3145; x_wconf 89' lang='lat' dir='ltr'>c</span> <span class='ocrx_word' id='word_1_457' title='bbox 910 3086 1061 3152; x_wconf 71' lang='lat' dir='ltr'>exponitur.</span> <span class='ocrx_word' id='word_1_458' title='bbox 1077 3082 1137 3137; x_wconf 81' lang='lat' dir='ltr'>litos</span> <span class='ocrx_word' id='word_1_459' title='bbox 1151 3081 1221 3136; x_wconf 84' lang='lat' dir='ltr'>enirn</span> <span class='ocrx_word' id='word_1_460' title='bbox 1236 3081 1308 3134; x_wconf 78' lang='lat' dir='ltr'>travit</span> <span class='ocrx_word' id='word_1_461' title='bbox 1320 3080 1425 3149; x_wconf 80' lang='lat' dir='ltr'>operire</span> <span class='ocrx_word' id='word_1_462' title='bbox 1438 3094 1505 3149; x_wconf 87' lang='lat' dir='ltr'>quas</span> <span class='ocrx_word' id='word_1_463' title='bbox 1515 3079 1607 3148; x_wconf 87' lang='lat' dir='ltr'>nutrit,</span> <span class='ocrx_word' id='word_1_464' title='bbox 1630 3094 1696 3150; x_wconf 85' lang='lat' dir='ltr'>quo·</span> 
     </span>
    </p>
   </div>
   <div class='ocr_carea' id='block_1_11' title="bbox 60 3165 861 4421">
    <p class='ocr_par' dir='ltr' id='par_1_15' title="bbox 60 3165 861 4056">
     <span class='ocr_line' id='line_1_63' title="bbox 70 3165 861 3240; baseline -0.019 -9"><span class='ocrx_word' id='word_1_465' title='bbox 70 3184 116 3231; x_wconf 84' lang='lat' dir='ltr'>tux</span> <span class='ocrx_word' id='word_1_466' title='bbox 129 3174 241 3229; x_wconf 84' lang='lat' dir='ltr'>adorare</span> <span class='ocrx_word' id='word_1_467' title='bbox 253 3171 396 3240; x_wconf 72' lang='lat' dir='ltr'>gentilitas</span> <span class='ocrx_word' id='word_1_468' title='bbox 411 3167 473 3222; x_wconf 78' lang='lat' dir='ltr'>Sit-e</span> <span class='ocrx_word' id='word_1_469' title='bbox 489 3166 572 3233; x_wconf 86' lang='lat' dir='ltr'>magis</span> <span class='ocrx_word' id='word_1_470' title='bbox 592 3165 654 3219; x_wconf 90' lang='lat' dir='ltr'>iliud</span> <span class='ocrx_word' id='word_1_471' title='bbox 670 3175 774 3230; x_wconf 86' lang='lat' dir='ltr'>ternpus</span> <span class='ocrx_word' id='word_1_472' title='bbox 787 3178 861 3217; x_wconf 92' lang='lat' dir='ltr'>com·</span> 
     </span>
     <span class='ocr_line' id='line_1_64' title="bbox 71 3253 859 3328; baseline -0.018 -8"><span class='ocrx_word' id='word_1_473' title='bbox 71 3277 224 3320; x_wconf 86' lang='lat' dir='ltr'>memorare</span> <span class='ocrx_word' id='word_1_474' title='bbox 234 3262 352 3325; x_wconf 84' lang='lat' dir='ltr'>ridetur,</span> <span class='ocrx_word' id='word_1_475' title='bbox 371 3259 441 3328; x_wconf 75' lang='lat' dir='ltr'>quud</span> <span class='ocrx_word' id='word_1_476' title='bbox 457 3258 482 3312; x_wconf 91' lang='lat' dir='ltr'>in</span> <span class='ocrx_word' id='word_1_477' title='bbox 497 3255 681 3324; x_wconf 87' lang='lat' dir='ltr'>superioribus</span> <span class='ocrx_word' id='word_1_478' title='bbox 695 3255 761 3307; x_wconf 81' lang='lat' dir='ltr'>dixit</span> <span class='ocrx_word' id='word_1_479' title='bbox 777 3271 784 3308; x_wconf 90' lang='lat'>:</span> <span class='ocrx_word' id='word_1_480' title='bbox 799 3253 859 3322; x_wconf 85' lang='lat' dir='ltr'>quia</span> 
     </span>
     <span class='ocr_line' id='line_1_65' title="bbox 71 3344 861 3423; baseline -0.014 -14"><span class='ocrx_word' id='word_1_481' title='bbox 71 3356 125 3410; x_wconf 89' lang='lat' dir='ltr'>sub</span> <span class='ocrx_word' id='word_1_482' title='bbox 146 3368 208 3423; x_wconf 84' lang='lat' dir='ltr'>rege</span> <span class='ocrx_word' id='word_1_483' title='bbox 232 3351 360 3406; x_wconf 71' lang='lat' dir='ltr'>antiocho</span> <span class='ocrx_word' id='word_1_484' title='bbox 384 3350 445 3403; x_wconf 92' lang='lat' dir='ltr'>dum</span> <span class='ocrx_word' id='word_1_485' title='bbox 468 3348 548 3416; x_wconf 89' lang='lat' dir='ltr'>aliqui</span> <span class='ocrx_word' id='word_1_486' title='bbox 573 3346 656 3399; x_wconf 77' lang='lat' dir='ltr'>indui</span> <span class='ocrx_word' id='word_1_487' title='bbox 678 3344 861 3399; x_wconf 65' lang='lat' dir='ltr'>sactabcrtreut</span> 
     </span>
     <span class='ocr_line' id='line_1_66' title="bbox 71 3437 860 3511; baseline -0.013 -10"><span class='ocrx_word' id='word_1_488' title='bbox 71 3447 166 3511; x_wconf 89' lang='lat' dir='ltr'>idaiis,·</span> <span class='ocrx_word' id='word_1_489' title='bbox 177 3443 390 3500; x_wconf 81' lang='lat' dir='ltr'>contradicebant</span> <span class='ocrx_word' id='word_1_490' title='bbox 401 3441 443 3494; x_wconf 91' lang='lat' dir='ltr'>bis</span> <span class='ocrx_word' id='word_1_491' title='bbox 454 3441 497 3510; x_wconf 90' lang='lat' dir='ltr'>qui</span> <span class='ocrx_word' id='word_1_492' title='bbox 513 3442 598 3508; x_wconf 87' lang='lat' dir='ltr'>legem</span> <span class='ocrx_word' id='word_1_493' title='bbox 611 3437 714 3491; x_wconf 88' lang='lat' dir='ltr'>Dantiui</span> <span class='ocrx_word' id='word_1_494' title='bbox 726 3437 860 3491; x_wconf 71' lang='lat' dir='ltr'>custodire</span> 
     </span>
     <span class='ocr_line' id='line_1_67' title="bbox 73 3529 860 3598; baseline -0.013 -6"><span class='ocrx_word' id='word_1_495' title='bbox 73 3538 239 3592; x_wconf 80' lang='lat' dir='ltr'>ridebantur.</span> <span class='ocrx_word' id='word_1_496' title='bbox 257 3535 289 3588; x_wconf 79' lang='lat' dir='ltr'>Et</span> <span class='ocrx_word' id='word_1_497' title='bbox 304 3533 363 3586; x_wconf 91' lang='lat' dir='ltr'>ideo</span> <span class='ocrx_word' id='word_1_498' title='bbox 373 3533 479 3595; x_wconf 81' lang='lat' dir='ltr'>uicinos,</span> <span class='ocrx_word' id='word_1_499' title='bbox 494 3536 617 3598; x_wconf 84' lang='lat' dir='ltr'>parentes</span> <span class='ocrx_word' id='word_1_500' title='bbox 628 3529 753 3582; x_wconf 87' lang='lat' dir='ltr'>debemus</span> <span class='ocrx_word' id='word_1_501' title='bbox 764 3529 860 3583; x_wconf 69' lang='lat' dir='ltr'>aritm-</span> 
     </span>
     <span class='ocr_line' id='line_1_68' title="bbox 72 3617 859 3695; baseline -0.013 -14"><span class='ocrx_word' id='word_1_502' title='bbox 72 3639 143 3694; x_wconf 86' lang='lat' dir='ltr'>tere,</span> <span class='ocrx_word' id='word_1_503' title='bbox 159 3625 205 3695; x_wconf 91' lang='lat' dir='ltr'>qui</span> <span class='ocrx_word' id='word_1_504' title='bbox 217 3625 256 3679; x_wconf 86' lang='lat' dir='ltr'>eis</span> <span class='ocrx_word' id='word_1_505' title='bbox 266 3622 437 3693; x_wconf 80' lang='lat' dir='ltr'>proximitate</span> <span class='ocrx_word' id='word_1_506' title='bbox 448 3619 552 3689; x_wconf 83' lang='lat' dir='ltr'>generis</span> <span class='ocrx_word' id='word_1_507' title='bbox 567 3617 748 3672; x_wconf 82' lang='lat' dir='ltr'>adltmrcbaut.</span> <span class='ocrx_word' id='word_1_508' title='bbox 764 3618 859 3687; x_wconf 87' lang='lat' dir='ltr'>Sequi-</span> 
     </span>
     <span class='ocr_line' id='line_1_69' title="bbox 71 3708 861 3783; baseline -0.014 -12"><span class='ocrx_word' id='word_1_509' title='bbox 71 3726 127 3783; x_wconf 90' lang='lat' dir='ltr'>tur,</span> <span class='ocrx_word' id='word_1_510' title='bbox 142 3725 167 3769; x_wconf 92' lang='lat' dir='ltr'>et</span> <span class='ocrx_word' id='word_1_511' title='bbox 178 3716 275 3768; x_wconf 86' lang='lat' dir='ltr'>inimici</span> <span class='ocrx_word' id='word_1_512' title='bbox 285 3714 364 3768; x_wconf 88' lang='lat' dir='ltr'>nostri</span> <span class='ocrx_word' id='word_1_513' title='bbox 375 3712 516 3765; x_wconf 77' lang='lat' dir='ltr'>deriserunt</span> <span class='ocrx_word' id='word_1_514' title='bbox 528 3726 583 3762; x_wconf 89' lang='lat' dir='ltr'>uus.</span> <span class='ocrx_word' id='word_1_515' title='bbox 603 3708 695 3763; x_wconf 79' lang='lat' dir='ltr'>ttertm</span> <span class='ocrx_word' id='word_1_516' title='bbox 706 3708 804 3762; x_wconf 72' lang='lat' dir='ltr'>inimici</span> <span class='ocrx_word' id='word_1_517' title='bbox 815 3709 861 3761; x_wconf 89' lang='lat' dir='ltr'>de·</span> 
     </span>
     <span class='ocr_line' id='line_1_70' title="bbox 60 3796 860 3873; baseline -0.013 -10"><span class='ocrx_word' id='word_1_518' title='bbox 60 3796 209 3870; x_wconf 64' lang='lat' dir='ltr'>sidebant,</span> <span class='ocrx_word' id='word_1_519' title='bbox 232 3806 300 3860; x_wconf 89' lang='lat' dir='ltr'>inter</span> <span class='ocrx_word' id='word_1_520' title='bbox 323 3819 389 3873; x_wconf 88' lang='lat' dir='ltr'>quos</span> <span class='ocrx_word' id='word_1_521' title='bbox 414 3811 468 3856; x_wconf 90' lang='lat' dir='ltr'>tam</span> <span class='ocrx_word' id='word_1_522' title='bbox 498 3800 627 3855; x_wconf 82' lang='lat' dir='ltr'>netarium</span> <span class='ocrx_word' id='word_1_523' title='bbox 651 3798 775 3852; x_wconf 88' lang='lat' dir='ltr'>ridebant</span> <span class='ocrx_word' id='word_1_524' title='bbox 799 3813 860 3854; x_wconf 87' lang='lat' dir='ltr'>esse</span> 
     </span>
     <span class='ocr_line' id='line_1_71' title="bbox 69 3887 860 3964; baseline -0.019 -9"><span class='ocrx_word' id='word_1_525' title='bbox 69 3909 230 3961; x_wconf 85' lang='lat' dir='ltr'>certantem,</span> <span class='ocrx_word' id='word_1_526' title='bbox 245 3905 274 3950; x_wconf 91' lang='lat' dir='ltr'>ut</span> <span class='ocrx_word' id='word_1_527' title='bbox 288 3909 349 3964; x_wconf 89' lang='lat' dir='ltr'>pars</span> <span class='ocrx_word' id='word_1_528' title='bbox 365 3907 456 3948; x_wconf 90' lang='lat' dir='ltr'>eorum</span> <span class='ocrx_word' id='word_1_529' title='bbox 473 3891 499 3944; x_wconf 94' lang='lat' dir='ltr'>iu</span> <span class='ocrx_word' id='word_1_530' title='bbox 523 3889 632 3957; x_wconf 88' lang='lat' dir='ltr'>pristina</span> <span class='ocrx_word' id='word_1_531' title='bbox 655 3887 782 3957; x_wconf 89' lang='lat' dir='ltr'>religione</span> <span class='ocrx_word' id='word_1_532' title='bbox 797 3902 860 3941; x_wconf 90' lang='lat' dir='ltr'>ecn-</span> 
     </span>
     <span class='ocr_line' id='line_1_72' title="bbox 69 3980 679 4056; baseline -0.023 -11"><span class='ocrx_word' id='word_1_533' title='bbox 69 3996 172 4053; x_wconf 86' lang='lat' dir='ltr'>starct‚</span> <span class='ocrx_word' id='word_1_534' title='bbox 187 4002 248 4056; x_wconf 89' lang='lat' dir='ltr'>pars</span> <span class='ocrx_word' id='word_1_535' title='bbox 262 3997 350 4040; x_wconf 90' lang='lat' dir='ltr'>autem</span> <span class='ocrx_word' id='word_1_536' title='bbox 361 3983 440 4037; x_wconf 90' lang='lat' dir='ltr'>idolis</span> <span class='ocrx_word' id='word_1_537' title='bbox 453 3989 543 4036; x_wconf 82' lang='lat' dir='ltr'>coacta</span> <span class='ocrx_word' id='word_1_538' title='bbox 557 3980 679 4034; x_wconf 76' lang='lat' dir='ltr'>serviret.</span> 
     </span>
    </p>

    <p class='ocr_par' dir='ltr' id='par_1_16' title="bbox 68 4074 860 4421">
     <span class='ocr_line' id='line_1_73' title="bbox 107 4074 860 4136; baseline -0.015 -2"><span class='ocrx_word' id='word_1_539' title='bbox 107 4081 186 4136; x_wconf 77' lang='lat' dir='ltr'>Vera.</span> <span class='ocrx_word' id='word_1_540' title='bbox 211 4081 238 4136; x_wconf 82' lang='lat'>7.</span> <span class='ocrx_word' id='word_1_541' title='bbox 254 4077 362 4132; x_wconf 84' lang='lat' dir='ltr'>Domine</span> <span class='ocrx_word' id='word_1_542' title='bbox 381 4075 449 4129; x_wconf 85' lang='lat' dir='ltr'>Deus</span> <span class='ocrx_word' id='word_1_543' title='bbox 467 4074 601 4136; x_wconf 88' lang='lat' dir='ltr'>uirtutum,</span> <span class='ocrx_word' id='word_1_544' title='bbox 621 4080 736 4124; x_wconf 83' lang='lat' dir='ltr'>conuerte</span> <span class='ocrx_word' id='word_1_545' title='bbox 754 4086 815 4134; x_wconf 87' lang='lat' dir='ltr'>nas,</span> <span class='ocrx_word' id='word_1_546' title='bbox 836 4080 860 4123; x_wconf 87' lang='lat' dir='ltr'>et</span> 
     </span>
     <span class='ocr_line' id='line_1_74' title="bbox 68 4160 860 4240; baseline -0.018 -13"><span class='ocrx_word' id='word_1_547' title='bbox 68 4171 175 4227; x_wconf 77' lang='lat' dir='ltr'>arunde</span> <span class='ocrx_word' id='word_1_548' title='bbox 187 4169 276 4240; x_wconf 74' lang='lat' dir='ltr'>faeiem</span> <span class='ocrx_word' id='word_1_549' title='bbox 287 4176 366 4231; x_wconf 88' lang='lat' dir='ltr'>tuam,</span> <span class='ocrx_word' id='word_1_550' title='bbox 380 4173 404 4218; x_wconf 90' lang='lat' dir='ltr'>et</span> <span class='ocrx_word' id='word_1_551' title='bbox 416 4162 479 4216; x_wconf 89' lang='lat' dir='ltr'>salai</span> <span class='ocrx_word' id='word_1_552' title='bbox 492 4162 595 4215; x_wconf 87' lang='lat' dir='ltr'>erirnns.</span> <span class='ocrx_word' id='word_1_553' title='bbox 611 4160 748 4228; x_wconf 83' lang='lat' dir='ltr'>Repetitur</span> <span class='ocrx_word' id='word_1_554' title='bbox 765 4173 860 4214; x_wconf 83' lang='lat' dir='ltr'>vorsus</span> 
     </span>
     <span class='ocr_line' id='line_1_75' title="bbox 68 4252 859 4331; baseline -0.025 -13"><span class='ocrx_word' id='word_1_555' title='bbox 68 4278 149 4331; x_wconf 85' lang='lat' dir='ltr'>quem</span> <span class='ocrx_word' id='word_1_556' title='bbox 164 4261 217 4330; x_wconf 82' lang='lat' dir='ltr'>jam</span> <span class='ocrx_word' id='word_1_557' title='bbox 230 4256 353 4326; x_wconf 86' lang='lat' dir='ltr'>superius</span> <span class='ocrx_word' id='word_1_558' title='bbox 365 4264 427 4310; x_wconf 90' lang='lat' dir='ltr'>ante</span> <span class='ocrx_word' id='word_1_559' title='bbox 449 4253 498 4306; x_wconf 85' lang='lat' dir='ltr'>bos</span> <span class='ocrx_word' id='word_1_560' title='bbox 512 4262 566 4305; x_wconf 84' lang='lat' dir='ltr'>tres</span> <span class='ocrx_word' id='word_1_561' title='bbox 586 4252 707 4320; x_wconf 88' lang='lat' dir='ltr'>posuisse</span> <span class='ocrx_word' id='word_1_562' title='bbox 725 4261 859 4304; x_wconf 76' lang='lat' dir='ltr'>mnustrr-</span> 
     </span>
     <span class='ocr_line' id='line_1_76' title="bbox 71 4342 860 4421; baseline -0.016 -12"><span class='ocrx_word' id='word_1_563' title='bbox 71 4366 115 4409; x_wconf 90' lang='lat' dir='ltr'>tur</span> <span class='ocrx_word' id='word_1_564' title='bbox 131 4370 139 4406; x_wconf 78' lang='grc' dir='ltr'><strong><em>ε</em></strong></span> <span class='ocrx_word' id='word_1_565' title='bbox 156 4353 218 4421; x_wconf 89' lang='lat' dir='ltr'>quia</span> <span class='ocrx_word' id='word_1_566' title='bbox 231 4348 407 4405; x_wconf 88' lang='lat' dir='ltr'>desiderantis</span> <span class='ocrx_word' id='word_1_567' title='bbox 429 4360 486 4398; x_wconf 93' lang='lat' dir='ltr'>mos</span> <span class='ocrx_word' id='word_1_568' title='bbox 499 4353 539 4398; x_wconf 88' lang='lat' dir='ltr'>est</span> <span class='ocrx_word' id='word_1_569' title='bbox 563 4342 716 4410; x_wconf 77' lang='lat' dir='ltr'>frequenter</span> <span class='ocrx_word' id='word_1_570' title='bbox 739 4350 860 4410; x_wconf 86' lang='lat' dir='ltr'>repetere</span> 
     </span>
    </p>
   </div>
   <div class='ocr_carea' id='block_1_12' title="bbox 910 3173 1698 4132">
    <p class='ocr_par' dir='ltr' id='par_1_17' title="bbox 910 3173 1698 4132">
     <span class='ocr_line' id='line_1_77' title="bbox 911 3173 1695 3246; baseline -0.005 -15"><span class='ocrx_word' id='word_1_571' title='bbox 911 3177 981 3231; x_wconf 90' lang='lat' dir='ltr'>uiam</span> <span class='ocrx_word' id='word_1_572' title='bbox 996 3178 1052 3246; x_wconf 83' lang='lat' dir='ltr'>ejas</span> <span class='ocrx_word' id='word_1_573' title='bbox 1064 3175 1153 3230; x_wconf 86' lang='lat' dir='ltr'>arrrbra</span> <span class='ocrx_word' id='word_1_574' title='bbox 1165 3173 1315 3237; x_wconf 76' lang='lat' dir='ltr'>fructificat,</span> <span class='ocrx_word' id='word_1_575' title='bbox 1328 3174 1479 3242; x_wconf 85' lang='lat' dir='ltr'>etamplius</span> <span class='ocrx_word' id='word_1_576' title='bbox 1491 3173 1553 3227; x_wconf 90' lang='lat' dir='ltr'>iacit</span> <span class='ocrx_word' id='word_1_577' title='bbox 1563 3187 1695 3242; x_wconf 87' lang='lat' dir='ltr'>crescere,</span> 
     </span>
     <span class='ocr_line' id='line_1_78' title="bbox 910 3264 1696 3336; baseline 0 -18"><span class='ocrx_word' id='word_1_578' title='bbox 910 3283 969 3336; x_wconf 81' lang='lat' dir='ltr'>quae</span> <span class='ocrx_word' id='word_1_579' title='bbox 984 3269 1067 3335; x_wconf 70' lang='lat' dir='ltr'>nitigis</span> <span class='ocrx_word' id='word_1_580' title='bbox 1084 3277 1171 3334; x_wconf 84' lang='lat' dir='ltr'>tegere</span> <span class='ocrx_word' id='word_1_581' title='bbox 1184 3265 1382 3334; x_wconf 88' lang='lat' dir='ltr'>comprobatur.</span> <span class='ocrx_word' id='word_1_582' title='bbox 1406 3264 1458 3319; x_wconf 85' lang='lat' dir='ltr'>Sed</span> <span class='ocrx_word' id='word_1_583' title='bbox 1478 3265 1563 3334; x_wconf 88' lang='lat' dir='ltr'>qualis</span> <span class='ocrx_word' id='word_1_584' title='bbox 1582 3274 1624 3320; x_wconf 90' lang='lat' dir='ltr'>est</span> <span class='ocrx_word' id='word_1_585' title='bbox 1645 3265 1696 3319; x_wconf 93' lang='lat' dir='ltr'>ista</span> 
     </span>
     <span class='ocr_line' id='line_1_79' title="bbox 911 3355 1697 3426; baseline -0.004 -14"><span class='ocrx_word' id='word_1_586' title='bbox 911 3359 985 3412; x_wconf 85' lang='lat' dir='ltr'>tinea</span> <span class='ocrx_word' id='word_1_587' title='bbox 1014 3373 1072 3426; x_wconf 71' lang='lat' dir='ltr'>rrum</span> <span class='ocrx_word' id='word_1_588' title='bbox 1086 3369 1183 3411; x_wconf 88' lang='lat' dir='ltr'>mantes</span> <span class='ocrx_word' id='word_1_589' title='bbox 1205 3357 1303 3425; x_wconf 77' lang='lat' dir='ltr'>aperit?</span> <span class='ocrx_word' id='word_1_590' title='bbox 1317 3355 1412 3424; x_wconf 75' lang='lat' dir='ltr'>Utique</span> <span class='ocrx_word' id='word_1_591' title='bbox 1426 3370 1558 3424; x_wconf 88' lang='lat' dir='ltr'>superna,</span> <span class='ocrx_word' id='word_1_592' title='bbox 1572 3355 1697 3425; x_wconf 89' lang='lat' dir='ltr'>quoniam</span> 
     </span>
     <span class='ocr_line' id='line_1_80' title="bbox 911 3445 1698 3517; baseline -0.004 -16"><span class='ocrx_word' id='word_1_593' title='bbox 911 3446 1034 3517; x_wconf 73' lang='lat' dir='ltr'>quaelibet</span> <span class='ocrx_word' id='word_1_594' title='bbox 1046 3446 1155 3501; x_wconf 91' lang='lat' dir='ltr'>altitudo</span> <span class='ocrx_word' id='word_1_595' title='bbox 1169 3455 1299 3501; x_wconf 90' lang='lat' dir='ltr'>terrarum</span> <span class='ocrx_word' id='word_1_596' title='bbox 1313 3456 1407 3500; x_wconf 91' lang='lat' dir='ltr'>cuncta</span> <span class='ocrx_word' id='word_1_597' title='bbox 1425 3447 1475 3500; x_wconf 88' lang='lat' dir='ltr'>sub</span> <span class='ocrx_word' id='word_1_598' title='bbox 1494 3448 1564 3501; x_wconf 71' lang='lat' dir='ltr'>ccafo</span> <span class='ocrx_word' id='word_1_599' title='bbox 1582 3455 1634 3500; x_wconf 90' lang='lat' dir='ltr'>cst.</span> <span class='ocrx_word' id='word_1_600' title='bbox 1647 3445 1698 3501; x_wconf 88' lang='lat' dir='ltr'>Se-</span> 
     </span>
     <span class='ocr_line' id='line_1_81' title="bbox 910 3535 1698 3610; baseline -0.001 -18"><span class='ocrx_word' id='word_1_601' title='bbox 910 3539 1010 3610; x_wconf 85' lang='lat' dir='ltr'>quitur,</span> <span class='ocrx_word' id='word_1_602' title='bbox 1033 3548 1056 3592; x_wconf 89' lang='lat' dir='ltr'>et</span> <span class='ocrx_word' id='word_1_603' title='bbox 1076 3539 1179 3592; x_wconf 84' lang='lat' dir='ltr'>arbusta</span> <span class='ocrx_word' id='word_1_604' title='bbox 1192 3539 1247 3608; x_wconf 76' lang='lat' dir='ltr'>ejas</span> <span class='ocrx_word' id='word_1_605' title='bbox 1259 3539 1347 3591; x_wconf 89' lang='lat' dir='ltr'>eedras</span> <span class='ocrx_word' id='word_1_606' title='bbox 1364 3535 1420 3591; x_wconf 80' lang='lat' dir='ltr'>Dei.</span> <span class='ocrx_word' id='word_1_607' title='bbox 1438 3537 1504 3604; x_wconf 85' lang='lat' dir='ltr'>Quia</span> <span class='ocrx_word' id='word_1_608' title='bbox 1515 3538 1604 3592; x_wconf 84' lang='lat' dir='ltr'>cedros</span> <span class='ocrx_word' id='word_1_609' title='bbox 1618 3537 1698 3605; x_wconf 88' lang='lat' dir='ltr'>dicit,</span> 
     </span>
     <span class='ocr_line' id='line_1_82' title="bbox 911 3630 1698 3697; baseline -0.001 -12"><span class='ocrx_word' id='word_1_610' title='bbox 911 3632 979 3686; x_wconf 90' lang='lat' dir='ltr'>berte</span> <span class='ocrx_word' id='word_1_611' title='bbox 998 3630 1100 3684; x_wconf 84' lang='lat' dir='ltr'>arbusta</span> <span class='ocrx_word' id='word_1_612' title='bbox 1120 3630 1224 3697; x_wconf 91' lang='lat' dir='ltr'>posuit;</span> <span class='ocrx_word' id='word_1_613' title='bbox 1242 3631 1310 3684; x_wconf 82' lang='lat' dir='ltr'>vites</span> <span class='ocrx_word' id='word_1_614' title='bbox 1325 3631 1395 3685; x_wconf 91' lang='lat' dir='ltr'>enim</span> <span class='ocrx_word' id='word_1_615' title='bbox 1418 3630 1525 3696; x_wconf 89' lang='lat' dir='ltr'>quando</span> <span class='ocrx_word' id='word_1_616' title='bbox 1543 3630 1569 3685; x_wconf 94' lang='lat' dir='ltr'>iu</span> <span class='ocrx_word' id='word_1_617' title='bbox 1588 3630 1698 3686; x_wconf 88' lang='lat' dir='ltr'>arbores</span> 
     </span>
     <span class='ocr_line' id='line_1_83' title="bbox 911 3718 1693 3790; baseline -0.003 -14"><span class='ocrx_word' id='word_1_618' title='bbox 911 3721 1067 3786; x_wconf 89' lang='lat' dir='ltr'>ascendunt,</span> <span class='ocrx_word' id='word_1_619' title='bbox 1084 3723 1187 3774; x_wconf 87' lang='lat' dir='ltr'>arbusta</span> <span class='ocrx_word' id='word_1_620' title='bbox 1203 3721 1382 3774; x_wconf 90' lang='lat' dir='ltr'>nominantur.</span> <span class='ocrx_word' id='word_1_621' title='bbox 1397 3718 1451 3775; x_wconf 81' lang='lat' dir='ltr'>Sed</span> <span class='ocrx_word' id='word_1_622' title='bbox 1474 3720 1595 3790; x_wconf 84' lang='lat' dir='ltr'>quamuis</span> <span class='ocrx_word' id='word_1_623' title='bbox 1609 3721 1636 3774; x_wconf 92' lang='lat' dir='ltr'>ia</span> <span class='ocrx_word' id='word_1_624' title='bbox 1652 3719 1693 3775; x_wconf 93' lang='lat' dir='ltr'>tri·</span> 
     </span>
     <span class='ocr_line' id='line_1_84' title="bbox 910 3810 1698 3885; baseline -0.001 -18"><span class='ocrx_word' id='word_1_625' title='bbox 910 3813 1010 3885; x_wconf 90' lang='lat' dir='ltr'>gesimo</span> <span class='ocrx_word' id='word_1_626' title='bbox 1024 3813 1125 3881; x_wconf 88' lang='lat' dir='ltr'>psalmo</span> <span class='ocrx_word' id='word_1_627' title='bbox 1138 3810 1227 3865; x_wconf 86' lang='lat' dir='ltr'>cedros</span> <span class='ocrx_word' id='word_1_628' title='bbox 1238 3826 1288 3881; x_wconf 92' lang='lat' dir='ltr'>pro</span> <span class='ocrx_word' id='word_1_629' title='bbox 1302 3810 1424 3880; x_wconf 90' lang='lat' dir='ltr'>superbia</span> <span class='ocrx_word' id='word_1_630' title='bbox 1443 3811 1605 3881; x_wconf 87' lang='lat' dir='ltr'>designanda</span> <span class='ocrx_word' id='word_1_631' title='bbox 1626 3813 1698 3882; x_wconf 76' lang='lat' dir='ltr'>posi-</span> 
     </span>
     <span class='ocr_line' id='line_1_85' title="bbox 912 3898 1696 3966; baseline -0.005 -10"><span class='ocrx_word' id='word_1_632' title='bbox 912 3911 952 3957; x_wconf 92' lang='lat' dir='ltr'>tas</span> <span class='ocrx_word' id='word_1_633' title='bbox 966 3900 1116 3955; x_wconf 82' lang='lat' dir='ltr'>dixerimus</span> <span class='ocrx_word' id='word_1_634' title='bbox 1129 3937 1137 3962; x_wconf 95' lang='lat'>,</span> <span class='ocrx_word' id='word_1_635' title='bbox 1152 3907 1239 3952; x_wconf 88' lang='lat' dir='ltr'>tamen</span> <span class='ocrx_word' id='word_1_636' title='bbox 1254 3899 1379 3966; x_wconf 85' lang='lat' dir='ltr'>qumtiam</span> <span class='ocrx_word' id='word_1_637' title='bbox 1395 3898 1437 3952; x_wconf 90' lang='lat' dir='ltr'>bic</span> <span class='ocrx_word' id='word_1_638' title='bbox 1449 3908 1490 3953; x_wconf 89' lang='lat' dir='ltr'>est</span> <span class='ocrx_word' id='word_1_639' title='bbox 1505 3898 1623 3952; x_wconf 89' lang='lat' dir='ltr'>additum</span> <span class='ocrx_word' id='word_1_640' title='bbox 1639 3898 1696 3962; x_wconf 80' lang='lat' dir='ltr'>dei,</span> 
     </span>
     <span class='ocr_line' id='line_1_86' title="bbox 914 3984 1698 4057; baseline -0.004 -14"><span class='ocrx_word' id='word_1_641' title='bbox 914 3997 1046 4057; x_wconf 70' lang='lat' dir='ltr'>ntartpres</span> <span class='ocrx_word' id='word_1_642' title='bbox 1061 3987 1187 4040; x_wconf 87' lang='lat' dir='ltr'>debemus</span> <span class='ocrx_word' id='word_1_643' title='bbox 1201 3984 1351 4049; x_wconf 82' lang='lat' dir='ltr'>aduertere,</span> <span class='ocrx_word' id='word_1_644' title='bbox 1368 3985 1413 4052; x_wconf 91' lang='lat' dir='ltr'>qui</span> <span class='ocrx_word' id='word_1_645' title='bbox 1429 3985 1454 4037; x_wconf 92' lang='lat' dir='ltr'>in</span> <span class='ocrx_word' id='word_1_646' title='bbox 1472 3985 1589 4039; x_wconf 81' lang='lat' dir='ltr'>Ecclesia</span> <span class='ocrx_word' id='word_1_647' title='bbox 1600 3985 1698 4040; x_wconf 86' lang='lat' dir='ltr'>Cbristi</span> 
     </span>
     <span class='ocr_line' id='line_1_87' title="bbox 910 4073 1696 4132; baseline -0.005 0"><span class='ocrx_word' id='word_1_648' title='bbox 910 4078 938 4132; x_wconf 89' lang='lat' dir='ltr'>iu</span> <span class='ocrx_word' id='word_1_649' title='bbox 951 4076 1078 4130; x_wconf 88' lang='lat' dir='ltr'>altissima</span> <span class='ocrx_word' id='word_1_650' title='bbox 1100 4080 1163 4128; x_wconf 89' lang='lat' dir='ltr'>sunt</span> <span class='ocrx_word' id='word_1_651' title='bbox 1181 4073 1316 4126; x_wconf 91' lang='lat' dir='ltr'>cacumina</span> <span class='ocrx_word' id='word_1_652' title='bbox 1331 4074 1478 4127; x_wconf 86' lang='lat' dir='ltr'>constituti.</span> <span class='ocrx_word' id='word_1_653' title='bbox 1492 4074 1524 4127; x_wconf 82' lang='lat' dir='ltr'>tu</span> <span class='ocrx_word' id='word_1_654' title='bbox 1536 4077 1583 4127; x_wconf 91' lang='lat' dir='ltr'>bos</span> <span class='ocrx_word' id='word_1_655' title='bbox 1602 4073 1696 4128; x_wconf 80' lang='lat' dir='ltr'>Eccle-</span> 
     </span>
    </p>
   </div>
   <div class='ocr_carea' id='block_1_13' title="bbox 911 4162 1698 4421">
    <p class='ocr_par' dir='ltr' id='par_1_18' title="bbox 911 4162 1698 4421">
     <span class='ocr_line' id='line_1_88' title="bbox 911 4162 1698 4236; baseline -0.004 -16"><span class='ocrx_word' id='word_1_656' title='bbox 911 4167 949 4220; x_wconf 86' lang='lat' dir='ltr'>sia</span> <span class='ocrx_word' id='word_1_657' title='bbox 962 4165 1084 4236; x_wconf 90' lang='lat' dir='ltr'>protegit,</span> <span class='ocrx_word' id='word_1_658' title='bbox 1101 4165 1225 4234; x_wconf 87' lang='lat' dir='ltr'>quauiam</span> <span class='ocrx_word' id='word_1_659' title='bbox 1241 4164 1267 4219; x_wconf 90' lang='lat' dir='ltr'>in</span> <span class='ocrx_word' id='word_1_660' title='bbox 1284 4162 1342 4232; x_wconf 88' lang='lat' dir='ltr'>ejus</span> <span class='ocrx_word' id='word_1_661' title='bbox 1364 4177 1423 4218; x_wconf 88' lang='lat' dir='ltr'>essa</span> <span class='ocrx_word' id='word_1_662' title='bbox 1444 4165 1548 4234; x_wconf 89' lang='lat' dir='ltr'>gremia</span> <span class='ocrx_word' id='word_1_663' title='bbox 1574 4177 1698 4233; x_wconf 89' lang='lat' dir='ltr'>campro-</span> 
     </span>
     <span class='ocr_line' id='line_1_89' title="bbox 912 4259 1019 4312; baseline -0.028 0"><span class='ocrx_word' id='word_1_664' title='bbox 912 4259 1019 4312; x_wconf 88' lang='lat' dir='ltr'>bantur.</span> 
     </span>
     <span class='ocr_line' id='line_1_90' title="bbox 949 4349 1698 4421; baseline 0.005 -18"><span class='ocrx_word' id='word_1_665' title='bbox 949 4351 1022 4405; x_wconf 82' lang='lat' dir='ltr'>turs.</span> <span class='ocrx_word' id='word_1_666' title='bbox 1036 4351 1079 4406; x_wconf 89' lang='lat' dir='ltr'>ll.</span> <span class='ocrx_word' id='word_1_667' title='bbox 1093 4349 1236 4403; x_wconf 74' lang='lat' dir='ltr'>Extorrdisti</span> <span class='ocrx_word' id='word_1_668' title='bbox 1257 4350 1373 4416; x_wconf 81' lang='lat' dir='ltr'>palmites</span> <span class='ocrx_word' id='word_1_669' title='bbox 1397 4355 1451 4421; x_wconf 74' lang='lat' dir='ltr'>eins</span> <span class='ocrx_word' id='word_1_670' title='bbox 1471 4351 1598 4420; x_wconf 86' lang='lat' dir='ltr'>usquead</span> <span class='ocrx_word' id='word_1_671' title='bbox 1616 4367 1698 4420; x_wconf 87' lang='lat' dir='ltr'>mare,</span> 
     </span>
    </p>
   </div>
   <div class='ocr_carea' id='block_1_14' title="bbox 68 4433 1699 4516">
    <p class='ocr_par' dir='ltr' id='par_1_19' title="bbox 68 4433 1699 4516">
     <span class='ocr_line' id='line_1_91' title="bbox 68 4433 1699 4516; baseline -0.001 -16"><span class='ocrx_word' id='word_1_672' title='bbox 68 4461 130 4516; x_wconf 75' lang='lat' dir='ltr'>que</span> <span class='ocrx_word' id='word_1_673' title='bbox 142 4443 246 4513; x_wconf 85' lang='lat' dir='ltr'>mugitis</span> <span class='ocrx_word' id='word_1_674' title='bbox 259 4439 381 4509; x_wconf 88' lang='lat' dir='ltr'>precibus</span> <span class='ocrx_word' id='word_1_675' title='bbox 395 4437 509 4505; x_wconf 88' lang='lat' dir='ltr'>postulat</span> <span class='ocrx_word' id='word_1_676' title='bbox 520 4435 653 4488; x_wconf 88' lang='lat' dir='ltr'>adreuire.</span> <span class='ocrx_word' id='word_1_677' title='bbox 671 4433 727 4501; x_wconf 88' lang='lat' dir='ltr'>ipsa</span> <span class='ocrx_word' id='word_1_678' title='bbox 742 4443 858 4503; x_wconf 81' lang='lat' dir='ltr'>asterga</span> <span class='ocrx_word' id='word_1_679' title='bbox 872 4452 897 4512; x_wconf 77' lang='grc' dir='ltr'>ι)</span> <span class='ocrx_word' id='word_1_680' title='bbox 910 4454 933 4499; x_wconf 79' lang='lat' dir='ltr'>et</span> <span class='ocrx_word' id='word_1_681' title='bbox 945 4442 1062 4512; x_wconf 85' lang='lat' dir='ltr'>usquead</span> <span class='ocrx_word' id='word_1_682' title='bbox 1073 4443 1166 4501; x_wconf 77' lang='lat' dir='ltr'>damen</span> <span class='ocrx_word' id='word_1_683' title='bbox 1176 4443 1329 4510; x_wconf 77' lang='lat' dir='ltr'>propagines</span> <span class='ocrx_word' id='word_1_684' title='bbox 1339 4444 1404 4513; x_wconf 76' lang='lat' dir='ltr'>rjus.</span> <span class='ocrx_word' id='word_1_685' title='bbox 1417 4440 1699 4512; x_wconf 85' lang='lat' dir='ltr'>Palmitessigniticant</span> 
     </span>
    </p>
   </div>
   <div class='ocr_carea' id='block_1_15' title="bbox 69 4525 859 5690">
    <p class='ocr_par' dir='ltr' id='par_1_20' title="bbox 69 4525 856 4875">
     <span class='ocr_line' id='line_1_92' title="bbox 70 4525 856 4609; baseline -0.017 -19"><span class='ocrx_word' id='word_1_686' title='bbox 70 4538 162 4609; x_wconf 71' lang='lat' dir='ltr'>faria,</span> <span class='ocrx_word' id='word_1_687' title='bbox 179 4534 204 4588; x_wconf 92' lang='lat' dir='ltr'>id</span> <span class='ocrx_word' id='word_1_688' title='bbox 217 4542 259 4587; x_wconf 89' lang='lat' dir='ltr'>est</span> <span class='ocrx_word' id='word_1_689' title='bbox 272 4530 412 4601; x_wconf 74' lang='lat' dir='ltr'>praeseutia</span> <span class='ocrx_word' id='word_1_690' title='bbox 431 4527 539 4592; x_wconf 79' lang='lat' dir='ltr'>cinisii,</span> <span class='ocrx_word' id='word_1_691' title='bbox 557 4539 692 4594; x_wconf 87' lang='lat' dir='ltr'>perquam</span> <span class='ocrx_word' id='word_1_692' title='bbox 713 4525 776 4578; x_wconf 79' lang='lat' dir='ltr'>silai</span> <span class='ocrx_word' id='word_1_693' title='bbox 796 4525 856 4594; x_wconf 73' lang='lat' dir='ltr'>faeti</span> 
     </span>
     <span class='ocr_line' id='line_1_93' title="bbox 69 4615 856 4692; baseline -0.015 -10"><span class='ocrx_word' id='word_1_694' title='bbox 69 4642 168 4689; x_wconf 79' lang='lat' dir='ltr'>sames,</span> <span class='ocrx_word' id='word_1_695' title='bbox 183 4637 320 4692; x_wconf 91' lang='lat' dir='ltr'>perquam</span> <span class='ocrx_word' id='word_1_696' title='bbox 341 4621 450 4688; x_wconf 90' lang='lat' dir='ltr'>laqueos</span> <span class='ocrx_word' id='word_1_697' title='bbox 466 4617 559 4671; x_wconf 89' lang='lat' dir='ltr'>mortis</span> <span class='ocrx_word' id='word_1_698' title='bbox 571 4617 703 4670; x_wconf 81' lang='lat' dir='ltr'>evasimus</span> <span class='ocrx_word' id='word_1_699' title='bbox 719 4631 726 4668; x_wconf 80' lang='lat' dir='ltr'><strong><em>z</em></strong></span> <span class='ocrx_word' id='word_1_700' title='bbox 742 4617 797 4683; x_wconf 86' lang='lat' dir='ltr'>ipsa</span> <span class='ocrx_word' id='word_1_701' title='bbox 808 4615 856 4670; x_wconf 90' lang='lat' dir='ltr'>dc-</span> 
     </span>
     <span class='ocr_line' id='line_1_94' title="bbox 71 4707 856 4787; baseline -0.017 -15"><span class='ocrx_word' id='word_1_702' title='bbox 71 4718 150 4787; x_wconf 91' lang='lat' dir='ltr'>uique</span> <span class='ocrx_word' id='word_1_703' title='bbox 159 4730 219 4785; x_wconf 67' lang='lat' dir='ltr'>quac</span> <span class='ocrx_word' id='word_1_704' title='bbox 232 4721 261 4768; x_wconf 93' lang='lat' dir='ltr'>et</span> <span class='ocrx_word' id='word_1_705' title='bbox 272 4712 386 4783; x_wconf 86' lang='lat' dir='ltr'>indiguis</span> <span class='ocrx_word' id='word_1_706' title='bbox 398 4720 424 4766; x_wconf 86' lang='lat' dir='ltr'>et</span> <span class='ocrx_word' id='word_1_707' title='bbox 435 4709 622 4765; x_wconf 79' lang='lat' dir='ltr'>confitentibus</span> <span class='ocrx_word' id='word_1_708' title='bbox 636 4707 763 4762; x_wconf 87' lang='lat' dir='ltr'>coeiorum</span> <span class='ocrx_word' id='word_1_709' title='bbox 776 4721 856 4776; x_wconf 89' lang='lat' dir='ltr'>regna</span> 
     </span>
     <span class='ocr_line' id='line_1_95' title="bbox 72 4806 192 4875; baseline -0.033 -14"><span class='ocrx_word' id='word_1_710' title='bbox 72 4806 192 4875; x_wconf 89' lang='lat' dir='ltr'>largitur.</span> 
     </span>
    </p>

    <p class='ocr_par' dir='ltr' id='par_1_21' title="bbox 71 4885 859 5690">
     <span class='ocr_line' id='line_1_96' title="bbox 110 4885 858 4958; baseline -0.013 -10"><span class='ocrx_word' id='word_1_711' title='bbox 110 4896 182 4950; x_wconf 85' lang='lat' dir='ltr'>l&#39;ers.</span> <span class='ocrx_word' id='word_1_712' title='bbox 206 4894 233 4949; x_wconf 82' lang='lat'>8.</span> <span class='ocrx_word' id='word_1_713' title='bbox 258 4891 362 4946; x_wconf 80' lang='lat' dir='ltr'>Vineam</span> <span class='ocrx_word' id='word_1_714' title='bbox 382 4907 413 4944; x_wconf 83' lang='lat' dir='ltr'>ea</span> <span class='ocrx_word' id='word_1_715' title='bbox 433 4889 547 4958; x_wconf 81' lang='lat' dir='ltr'>AEpppte</span> <span class='ocrx_word' id='word_1_716' title='bbox 571 4886 738 4949; x_wconf 88' lang='lat' dir='ltr'>trattstalisti,·</span> <span class='ocrx_word' id='word_1_717' title='bbox 761 4885 858 4954; x_wconf 76' lang='lat' dir='ltr'>ejecisti</span> 
     </span>
     <span class='ocr_line' id='line_1_97' title="bbox 71 4975 859 5055; baseline -0.014 -17"><span class='ocrx_word' id='word_1_718' title='bbox 71 4994 170 5055; x_wconf 83' lang='lat' dir='ltr'>pentes,</span> <span class='ocrx_word' id='word_1_719' title='bbox 183 4992 207 5036; x_wconf 89' lang='lat' dir='ltr'>st</span> <span class='ocrx_word' id='word_1_720' title='bbox 220 4981 339 5052; x_wconf 83' lang='lat' dir='ltr'>plantasti</span> <span class='ocrx_word' id='word_1_721' title='bbox 359 4995 423 5033; x_wconf 87' lang='lat' dir='ltr'>earn.</span> <span class='ocrx_word' id='word_1_722' title='bbox 443 4977 522 5032; x_wconf 71' lang='lat' dir='ltr'>Vertit</span> <span class='ocrx_word' id='word_1_723' title='bbox 540 4976 572 5030; x_wconf 89' lang='lat' dir='ltr'>ad</span> <span class='ocrx_word' id='word_1_724' title='bbox 595 4975 739 5030; x_wconf 88' lang='lat' dir='ltr'>secundam</span> <span class='ocrx_word' id='word_1_725' title='bbox 762 4975 859 5028; x_wconf 88' lang='lat' dir='ltr'>sectio·</span> 
     </span>
     <span class='ocr_line' id='line_1_98' title="bbox 74 5068 857 5145; baseline -0.015 -13"><span class='ocrx_word' id='word_1_726' title='bbox 74 5093 143 5144; x_wconf 86' lang='lat' dir='ltr'>nem,</span> <span class='ocrx_word' id='word_1_727' title='bbox 159 5075 251 5145; x_wconf 89' lang='lat' dir='ltr'>inqua</span> <span class='ocrx_word' id='word_1_728' title='bbox 268 5089 313 5141; x_wconf 90' lang='lat' dir='ltr'>per</span> <span class='ocrx_word' id='word_1_729' title='bbox 326 5072 453 5140; x_wconf 81' lang='lat' dir='ltr'>mysticas</span> <span class='ocrx_word' id='word_1_730' title='bbox 473 5070 658 5137; x_wconf 86' lang='lat' dir='ltr'>ligurationes,</span> <span class='ocrx_word' id='word_1_731' title='bbox 673 5082 732 5143; x_wconf 76' lang='lat' dir='ltr'>quae</span> <span class='ocrx_word' id='word_1_732' title='bbox 752 5068 857 5120; x_wconf 85' lang='lat' dir='ltr'>luerunt</span> 
     </span>
     <span class='ocr_line' id='line_1_99' title="bbox 75 5155 856 5235; baseline -0.015 -13"><span class='ocrx_word' id='word_1_733' title='bbox 75 5179 147 5235; x_wconf 82' lang='lat' dir='ltr'>gesta</span> <span class='ocrx_word' id='word_1_734' title='bbox 161 5173 363 5221; x_wconf 87' lang='lat' dir='ltr'>commemorat.</span> <span class='ocrx_word' id='word_1_735' title='bbox 379 5161 455 5227; x_wconf 85' lang='lat' dir='ltr'>Quod</span> <span class='ocrx_word' id='word_1_736' title='bbox 470 5161 576 5214; x_wconf 89' lang='lat' dir='ltr'>scbetna</span> <span class='ocrx_word' id='word_1_737' title='bbox 597 5158 694 5213; x_wconf 89' lang='lat' dir='ltr'>dicitur</span> <span class='ocrx_word' id='word_1_738' title='bbox 713 5155 856 5221; x_wconf 76' lang='lat' dir='ltr'>metabole,</span> 
     </span>
     <span class='ocr_line' id='line_1_100' title="bbox 76 5249 855 5324; baseline -0.012 -14"><span class='ocrx_word' id='word_1_739' title='bbox 76 5259 148 5312; x_wconf 89' lang='lat' dir='ltr'>unius</span> <span class='ocrx_word' id='word_1_740' title='bbox 163 5257 202 5312; x_wconf 90' lang='lat' dir='ltr'>rei</span> <span class='ocrx_word' id='word_1_741' title='bbox 222 5256 346 5324; x_wconf 76' lang='lat' dir='ltr'>frequens</span> <span class='ocrx_word' id='word_1_742' title='bbox 360 5252 466 5307; x_wconf 89' lang='lat' dir='ltr'>iteratio</span> <span class='ocrx_word' id='word_1_743' title='bbox 487 5250 537 5303; x_wconf 90' lang='lat' dir='ltr'>sub</span> <span class='ocrx_word' id='word_1_744' title='bbox 558 5250 685 5304; x_wconf 84' lang='lat' dir='ltr'>varietata</span> <span class='ocrx_word' id='word_1_745' title='bbox 705 5249 855 5303; x_wconf 86' lang='lat' dir='ltr'>uerborum.</span> 
     </span>
     <span class='ocr_line' id='line_1_101' title="bbox 77 5339 857 5412; baseline -0.018 -10"><span class='ocrx_word' id='word_1_746' title='bbox 77 5346 123 5403; x_wconf 88' lang='lat' dir='ltr'>Pcr</span> <span class='ocrx_word' id='word_1_747' title='bbox 133 5349 183 5404; x_wconf 89' lang='lat' dir='ltr'>bos</span> <span class='ocrx_word' id='word_1_748' title='bbox 193 5348 264 5403; x_wconf 90' lang='lat' dir='ltr'>cuim</span> <span class='ocrx_word' id='word_1_749' title='bbox 278 5361 325 5401; x_wconf 85' lang='lat' dir='ltr'>sex</span> <span class='ocrx_word' id='word_1_750' title='bbox 340 5358 433 5398; x_wconf 86' lang='lat' dir='ltr'>versus</span> <span class='ocrx_word' id='word_1_751' title='bbox 445 5341 526 5412; x_wconf 74' lang='lat'>276</span> <span class='ocrx_word' id='word_1_752' title='bbox 541 5340 670 5407; x_wconf 86' lang='lat' dir='ltr'>usquead</span> <span class='ocrx_word' id='word_1_753' title='bbox 694 5339 796 5393; x_wconf 85' lang='lat' dir='ltr'>tertium</span> <span class='ocrx_word' id='word_1_754' title='bbox 815 5339 857 5391; x_wconf 87' lang='lat' dir='ltr'>tli-</span> 
     </span>
     <span class='ocr_line' id='line_1_102' title="bbox 77 5427 857 5499; baseline -0.013 -10"><span class='ocrx_word' id='word_1_755' title='bbox 77 5437 212 5499; x_wconf 85' lang='lat' dir='ltr'>risinnem,</span> <span class='ocrx_word' id='word_1_756' title='bbox 227 5437 300 5488; x_wconf 74' lang='lat' dir='ltr'>sinen</span> <span class='ocrx_word' id='word_1_757' title='bbox 316 5435 365 5486; x_wconf 89' lang='lat' dir='ltr'>ista</span> <span class='ocrx_word' id='word_1_758' title='bbox 390 5431 559 5486; x_wconf 90' lang='lat' dir='ltr'>describitur.</span> <span class='ocrx_word' id='word_1_759' title='bbox 583 5428 689 5481; x_wconf 74' lang='lat' dir='ltr'>vitream</span> <span class='ocrx_word' id='word_1_760' title='bbox 707 5427 778 5481; x_wconf 90' lang='lat' dir='ltr'>enim</span> <span class='ocrx_word' id='word_1_761' title='bbox 792 5427 857 5480; x_wconf 88' lang='lat' dir='ltr'>dicit</span> 
     </span>
     <span class='ocr_line' id='line_1_103' title="bbox 79 5522 857 5597; baseline -0.013 -16"><span class='ocrx_word' id='word_1_762' title='bbox 79 5527 244 5584; x_wconf 79' lang='lat' dir='ltr'>llebrseorum</span> <span class='ocrx_word' id='word_1_763' title='bbox 260 5535 380 5597; x_wconf 90' lang='lat' dir='ltr'>gentem,</span> <span class='ocrx_word' id='word_1_764' title='bbox 393 5538 471 5592; x_wconf 89' lang='lat' dir='ltr'>quam</span> <span class='ocrx_word' id='word_1_765' title='bbox 493 5522 603 5589; x_wconf 88' lang='lat' dir='ltr'>positam</span> <span class='ocrx_word' id='word_1_766' title='bbox 624 5522 649 5573; x_wconf 90' lang='lat' dir='ltr'>in</span> <span class='ocrx_word' id='word_1_767' title='bbox 671 5522 734 5589; x_wconf 81' lang='lat' dir='ltr'>typo</span> <span class='ocrx_word' id='word_1_768' title='bbox 754 5527 857 5572; x_wconf 88' lang='lat' dir='ltr'>constat</span> 
     </span>
     <span class='ocr_line' id='line_1_104' title="bbox 80 5613 859 5690; baseline -0.014 -10"><span class='ocrx_word' id='word_1_769' title='bbox 80 5620 210 5690; x_wconf 59' lang='grc' dir='ltr'><strong>Μαῖα,</strong></span> <span class='ocrx_word' id='word_1_770' title='bbox 225 5621 296 5678; x_wconf 92' lang='lat' dir='ltr'>uude</span> <span class='ocrx_word' id='word_1_771' title='bbox 307 5618 422 5675; x_wconf 84' lang='lat' dir='ltr'>bdelium</span> <span class='ocrx_word' id='word_1_772' title='bbox 437 5625 497 5671; x_wconf 91' lang='lat' dir='ltr'>nata</span> <span class='ocrx_word' id='word_1_773' title='bbox 510 5626 550 5672; x_wconf 85' lang='lat' dir='ltr'>est</span> <span class='ocrx_word' id='word_1_774' title='bbox 565 5616 733 5686; x_wconf 84' lang='lat' dir='ltr'>congregatio</span> <span class='ocrx_word' id='word_1_775' title='bbox 749 5613 859 5684; x_wconf 88' lang='lat' dir='ltr'>popolo·</span> 
     </span>
    </p>
   </div>
   <div class='ocr_carea' id='block_1_16' title="bbox 908 4530 1699 5684">
    <p class='ocr_par' dir='ltr' id='par_1_22' title="bbox 908 4530 1699 5500">
     <span class='ocr_line' id='line_1_105' title="bbox 909 4530 1696 4602; baseline 0.001 -15"><span class='ocrx_word' id='word_1_776' title='bbox 909 4532 1055 4602; x_wconf 85' lang='lat' dir='ltr'>discipulos</span> <span class='ocrx_word' id='word_1_777' title='bbox 1070 4530 1189 4591; x_wconf 85' lang='lat' dir='ltr'>liutitiui,</span> <span class='ocrx_word' id='word_1_778' title='bbox 1204 4532 1300 4600; x_wconf 86' lang='lat' dir='ltr'>quibus</span> <span class='ocrx_word' id='word_1_779' title='bbox 1316 4531 1372 4599; x_wconf 90' lang='lat' dir='ltr'>ipse</span> <span class='ocrx_word' id='word_1_780' title='bbox 1394 4532 1419 4585; x_wconf 90' lang='lat' dir='ltr'>in</span> <span class='ocrx_word' id='word_1_781' title='bbox 1445 4530 1590 4600; x_wconf 84' lang='lat' dir='ltr'>Evangelio</span> <span class='ocrx_word' id='word_1_782' title='bbox 1608 4532 1672 4588; x_wconf 90' lang='lat' dir='ltr'>dicit</span> <span class='ocrx_word' id='word_1_783' title='bbox 1688 4549 1696 4588; x_wconf 91' lang='lat'><strong>:</strong></span> 
     </span>
     <span class='ocr_line' id='line_1_106' title="bbox 911 4619 1699 4693; baseline 0.003 -17"><span class='ocrx_word' id='word_1_784' title='bbox 911 4622 966 4693; x_wconf 81' lang='lat' dir='ltr'>Epo</span> <span class='ocrx_word' id='word_1_785' title='bbox 986 4621 1112 4675; x_wconf 84' lang='lat' dir='ltr'>samnitis</span> <span class='ocrx_word' id='word_1_786' title='bbox 1131 4637 1205 4687; x_wconf 85' lang='lat' dir='ltr'>uera,</span> <span class='ocrx_word' id='word_1_787' title='bbox 1221 4632 1301 4675; x_wconf 82' lang='lat' dir='ltr'>etuas</span> <span class='ocrx_word' id='word_1_788' title='bbox 1323 4622 1439 4690; x_wconf 88' lang='lat' dir='ltr'>palmites</span> <span class='ocrx_word' id='word_1_789' title='bbox 1461 4619 1560 4691; x_wconf 80' lang='lat' dir='ltr'>(Joan.</span> <span class='ocrx_word' id='word_1_790' title='bbox 1576 4639 1628 4692; x_wconf 85' lang='lat' dir='ltr'>tt,</span> <span class='ocrx_word' id='word_1_791' title='bbox 1650 4622 1699 4692; x_wconf 84' lang='lat'>5).</span> 
     </span>
     <span class='ocr_line' id='line_1_107' title="bbox 910 4712 1697 4784; baseline 0.003 -17"><span class='ocrx_word' id='word_1_792' title='bbox 910 4712 992 4776; x_wconf 77' lang='lat' dir='ltr'>Mare,</span> <span class='ocrx_word' id='word_1_793' title='bbox 1005 4720 1158 4767; x_wconf 89' lang='lat' dir='ltr'>cunctarum</span> <span class='ocrx_word' id='word_1_794' title='bbox 1174 4714 1291 4781; x_wconf 90' lang='lat' dir='ltr'>gentium</span> <span class='ocrx_word' id='word_1_795' title='bbox 1309 4714 1364 4766; x_wconf 82' lang='lat' dir='ltr'>vult</span> <span class='ocrx_word' id='word_1_796' title='bbox 1378 4713 1486 4784; x_wconf 88' lang='lat' dir='ltr'>iutel&#39;igi</span> <span class='ocrx_word' id='word_1_797' title='bbox 1500 4715 1697 4769; x_wconf 87' lang='lat' dir='ltr'>sanctissimam</span> 
     </span>
     <span class='ocr_line' id='line_1_108' title="bbox 909 4799 1696 4871; baseline 0.005 -17"><span class='ocrx_word' id='word_1_798' title='bbox 909 4800 1104 4854; x_wconf 91' lang='lat' dir='ltr'>eredulitatem.</span> <span class='ocrx_word' id='word_1_799' title='bbox 1125 4799 1267 4853; x_wconf 77' lang='lat' dir='ltr'>Eatendiui</span> <span class='ocrx_word' id='word_1_800' title='bbox 1281 4803 1351 4856; x_wconf 90' lang='lat' dir='ltr'>euim</span> <span class='ocrx_word' id='word_1_801' title='bbox 1364 4801 1438 4868; x_wconf 92' lang='lat' dir='ltr'>dicit,</span> <span class='ocrx_word' id='word_1_802' title='bbox 1457 4803 1582 4871; x_wconf 90' lang='lat' dir='ltr'>quoniam</span> <span class='ocrx_word' id='word_1_803' title='bbox 1596 4802 1630 4857; x_wconf 92' lang='lat' dir='ltr'>ab</span> <span class='ocrx_word' id='word_1_804' title='bbox 1650 4802 1696 4858; x_wconf 86' lang='lat' dir='ltr'>ie·</span> 
     </span>
     <span class='ocr_line' id='line_1_109' title="bbox 910 4889 1696 4960; baseline 0.003 -16"><span class='ocrx_word' id='word_1_805' title='bbox 910 4890 1051 4960; x_wconf 80' lang='lat' dir='ltr'>rasniymis</span> <span class='ocrx_word' id='word_1_806' title='bbox 1067 4889 1125 4944; x_wconf 80' lang='lat' dir='ltr'>buc</span> <span class='ocrx_word' id='word_1_807' title='bbox 1140 4889 1216 4943; x_wconf 80' lang='lat' dir='ltr'>vinca</span> <span class='ocrx_word' id='word_1_808' title='bbox 1232 4905 1280 4956; x_wconf 87' lang='lat' dir='ltr'>por</span> <span class='ocrx_word' id='word_1_809' title='bbox 1294 4891 1475 4959; x_wconf 84' lang='lat' dir='ltr'>apostulorum</span> <span class='ocrx_word' id='word_1_810' title='bbox 1494 4891 1696 4960; x_wconf 77' lang='lat' dir='ltr'>praedicationes</span> 
     </span>
     <span class='ocr_line' id='line_1_110' title="bbox 909 4978 1697 5049; baseline 0 -15"><span class='ocrx_word' id='word_1_811' title='bbox 909 4979 936 5035; x_wconf 93' lang='lat' dir='ltr'>in</span> <span class='ocrx_word' id='word_1_812' title='bbox 948 4990 1056 5034; x_wconf 89' lang='lat' dir='ltr'>cunctas</span> <span class='ocrx_word' id='word_1_813' title='bbox 1071 4978 1162 5032; x_wconf 91' lang='lat' dir='ltr'>mnndi</span> <span class='ocrx_word' id='word_1_814' title='bbox 1179 4988 1266 5044; x_wconf 67' lang='lat' dir='ltr'>partes</span> <span class='ocrx_word' id='word_1_815' title='bbox 1279 4989 1388 5033; x_wconf 80' lang='lat' dir='ltr'>extunsa</span> <span class='ocrx_word' id='word_1_816' title='bbox 1403 4988 1454 5035; x_wconf 83' lang='lat' dir='ltr'>eat.</span> <span class='ocrx_word' id='word_1_817' title='bbox 1477 4981 1604 5049; x_wconf 78' lang='lat' dir='ltr'>accipere</span> <span class='ocrx_word' id='word_1_818' title='bbox 1626 4983 1697 5036; x_wconf 91' lang='lat' dir='ltr'>euim</span> 
     </span>
     <span class='ocr_line' id='line_1_111' title="bbox 909 5068 1697 5139; baseline -0.003 -16"><span class='ocrx_word' id='word_1_819' title='bbox 909 5083 963 5123; x_wconf 90' lang='lat' dir='ltr'>nort</span> <span class='ocrx_word' id='word_1_820' title='bbox 974 5084 1115 5139; x_wconf 88' lang='lat' dir='ltr'>possumus</span> <span class='ocrx_word' id='word_1_821' title='bbox 1126 5069 1248 5136; x_wconf 89' lang='lat' dir='ltr'>localem,</span> <span class='ocrx_word' id='word_1_822' title='bbox 1261 5069 1294 5124; x_wconf 94' lang='lat' dir='ltr'>de</span> <span class='ocrx_word' id='word_1_823' title='bbox 1305 5083 1356 5139; x_wconf 87' lang='lat' dir='ltr'>qua</span> <span class='ocrx_word' id='word_1_824' title='bbox 1364 5069 1419 5137; x_wconf 86' lang='lat' dir='ltr'>jam</span> <span class='ocrx_word' id='word_1_825' title='bbox 1430 5070 1528 5124; x_wconf 91' lang='lat' dir='ltr'>dictum</span> <span class='ocrx_word' id='word_1_826' title='bbox 1539 5080 1579 5124; x_wconf 87' lang='lat' dir='ltr'>est</span> <span class='ocrx_word' id='word_1_827' title='bbox 1592 5086 1600 5122; x_wconf 83' lang='lat' dir='ltr'>t</span> <span class='ocrx_word' id='word_1_828' title='bbox 1616 5068 1697 5124; x_wconf 86' lang='lat' dir='ltr'>Plan-</span> 
     </span>
     <span class='ocr_line' id='line_1_112' title="bbox 909 5161 1698 5233; baseline -0.001 -19"><span class='ocrx_word' id='word_1_829' title='bbox 909 5162 968 5216; x_wconf 88' lang='lat' dir='ltr'>tasti</span> <span class='ocrx_word' id='word_1_830' title='bbox 979 5162 1076 5215; x_wconf 88' lang='lat' dir='ltr'>radices</span> <span class='ocrx_word' id='word_1_831' title='bbox 1094 5161 1166 5232; x_wconf 81' lang='lat' dir='ltr'>ejas&#39;,</span> <span class='ocrx_word' id='word_1_832' title='bbox 1180 5173 1203 5215; x_wconf 91' lang='lat' dir='ltr'>et</span> <span class='ocrx_word' id='word_1_833' title='bbox 1217 5161 1315 5231; x_wconf 86' lang='lat' dir='ltr'>repleta</span> <span class='ocrx_word' id='word_1_834' title='bbox 1327 5171 1364 5215; x_wconf 89' lang='lat' dir='ltr'>est</span> <span class='ocrx_word' id='word_1_835' title='bbox 1379 5171 1458 5216; x_wconf 89' lang='lat' dir='ltr'>terra.</span> <span class='ocrx_word' id='word_1_836' title='bbox 1478 5161 1636 5233; x_wconf 78' lang='lat' dir='ltr'>Propagines</span> <span class='ocrx_word' id='word_1_837' title='bbox 1651 5176 1698 5213; x_wconf 89' lang='lat' dir='ltr'>au·</span> 
     </span>
     <span class='ocr_line' id='line_1_113' title="bbox 910 5249 1698 5321; baseline -0.003 -17"><span class='ocrx_word' id='word_1_838' title='bbox 910 5262 962 5305; x_wconf 88' lang='lat' dir='ltr'>tem</span> <span class='ocrx_word' id='word_1_839' title='bbox 986 5253 1041 5320; x_wconf 76' lang='lat' dir='ltr'>ejus</span> <span class='ocrx_word' id='word_1_840' title='bbox 1063 5251 1129 5305; x_wconf 87' lang='lat' dir='ltr'>lilios</span> <span class='ocrx_word' id='word_1_841' title='bbox 1153 5251 1363 5321; x_wconf 85' lang='lat' dir='ltr'>regenerationis</span> <span class='ocrx_word' id='word_1_842' title='bbox 1386 5251 1466 5316; x_wconf 89' lang='lat' dir='ltr'>dicit,</span> <span class='ocrx_word' id='word_1_843' title='bbox 1481 5251 1526 5320; x_wconf 93' lang='lat' dir='ltr'>qui</span> <span class='ocrx_word' id='word_1_844' title='bbox 1549 5265 1565 5304; x_wconf 96' lang='lat' dir='ltr'>a</span> <span class='ocrx_word' id='word_1_845' title='bbox 1588 5249 1698 5303; x_wconf 83' lang='lat' dir='ltr'>uurntm</span> 
     </span>
     <span class='ocr_line' id='line_1_114' title="bbox 908 5339 1695 5408; baseline -0.004 -13"><span class='ocrx_word' id='word_1_846' title='bbox 908 5340 1024 5395; x_wconf 87' lang='lat' dir='ltr'>iordane</span> <span class='ocrx_word' id='word_1_847' title='bbox 1048 5348 1256 5404; x_wconf 86' lang='lat' dir='ltr'>emanaverunt,</span> <span class='ocrx_word' id='word_1_848' title='bbox 1278 5340 1323 5395; x_wconf 92' lang='lat' dir='ltr'>ubi</span> <span class='ocrx_word' id='word_1_849' title='bbox 1344 5341 1471 5395; x_wconf 86' lang='lat' dir='ltr'>Dominus</span> <span class='ocrx_word' id='word_1_850' title='bbox 1493 5342 1520 5395; x_wconf 92' lang='lat' dir='ltr'>in</span> <span class='ocrx_word' id='word_1_851' title='bbox 1543 5339 1695 5408; x_wconf 85' lang='lat' dir='ltr'>exemplum</span> 
     </span>
     <span class='ocr_line' id='line_1_115' title="bbox 910 5430 1462 5500; baseline 0.002 -17"><span class='ocrx_word' id='word_1_852' title='bbox 910 5439 1009 5484; x_wconf 78' lang='lat' dir='ltr'>nostrae</span> <span class='ocrx_word' id='word_1_853' title='bbox 1022 5430 1115 5483; x_wconf 85' lang='lat' dir='ltr'>saliuis</span> <span class='ocrx_word' id='word_1_854' title='bbox 1130 5430 1258 5497; x_wconf 90' lang='lat' dir='ltr'>baptizari</span> <span class='ocrx_word' id='word_1_855' title='bbox 1271 5431 1394 5500; x_wconf 88' lang='lat' dir='ltr'>dignatus</span> <span class='ocrx_word' id='word_1_856' title='bbox 1411 5440 1462 5484; x_wconf 90' lang='lat' dir='ltr'>est.</span> 
     </span>
    </p>

    <p class='ocr_par' dir='ltr' id='par_1_23' title="bbox 909 5518 1699 5684">
     <span class='ocr_line' id='line_1_116' title="bbox 946 5518 1698 5593; baseline -0.003 -18"><span class='ocrx_word' id='word_1_857' title='bbox 946 5521 1021 5576; x_wconf 82' lang='lat' dir='ltr'>Vera.</span> <span class='ocrx_word' id='word_1_858' title='bbox 1036 5518 1078 5574; x_wconf 68' lang='lat' dir='ltr'>tt.</span> <span class='ocrx_word' id='word_1_859' title='bbox 1092 5519 1186 5589; x_wconf 78' lang='lat' dir='ltr'>thut‘d</span> <span class='ocrx_word' id='word_1_860' title='bbox 1196 5523 1336 5592; x_wconf 86' lang='lat' dir='ltr'>deposuisti</span> <span class='ocrx_word' id='word_1_861' title='bbox 1345 5521 1529 5593; x_wconf 71' lang='lat' dir='ltr'>[russ.b.,1³&#39;.,</span> <span class='ocrx_word' id='word_1_862' title='bbox 1540 5520 1698 5593; x_wconf 73' lang='lat' dir='ltr'>destruxisti]</span> 
     </span>
     <span class='ocr_line' id='line_1_117' title="bbox 909 5613 1699 5684; baseline -0.001 -18"><span class='ocrx_word' id='word_1_863' title='bbox 909 5613 1044 5667; x_wconf 86' lang='lat' dir='ltr'>maceriam</span> <span class='ocrx_word' id='word_1_864' title='bbox 1054 5613 1120 5682; x_wconf 79' lang='lat' dir='ltr'>ejus,</span> <span class='ocrx_word' id='word_1_865' title='bbox 1132 5620 1156 5666; x_wconf 88' lang='lat' dir='ltr'>et</span> <span class='ocrx_word' id='word_1_866' title='bbox 1167 5613 1322 5667; x_wconf 80' lang='lat' dir='ltr'>vindemiant</span> <span class='ocrx_word' id='word_1_867' title='bbox 1336 5629 1393 5666; x_wconf 89' lang='lat' dir='ltr'>eant</span> <span class='ocrx_word' id='word_1_868' title='bbox 1407 5615 1547 5684; x_wconf 87' lang='lat' dir='ltr'>omnesqui</span> <span class='ocrx_word' id='word_1_869' title='bbox 1565 5617 1699 5673; x_wconf 69' lang='lat' dir='ltr'>transeant</span> 
     </span>
    </p>
   </div>
   <div class='ocr_carea' id='block_1_17' title="bbox 0 0 1918 6116">
    <p class='ocr_par' dir='ltr' id='par_1_24' title="bbox 0 0 1918 6116">
     <span class='ocr_line' id='line_1_118' title="bbox 0 0 1918 6116; baseline 0 0"><span class='ocrx_word' id='word_1_870' title='bbox 0 0 1918 6116; x_wconf 95' lang='lat' dir='ltr'> </span> 
     </span>
    </p>
   </div>
  </div>
 </body>
</html>
