<?xml version="1.0" encoding="UTF-8"?>
<!DOCTYPE html PUBLIC "-//W3C//DTD XHTML 1.0 Transitional//EN"
    "http://www.w3.org/TR/xhtml1/DTD/xhtml1-transitional.dtd">
<html xmlns="http://www.w3.org/1999/xhtml" xml:lang="en" lang="en">
 <head>
  <title>
</title>
<meta http-equiv="Content-Type" content="text/html;charset=utf-8" />
  <meta name='ocr-system' content='tesseract 3.04.00' />
  <meta name='ocr-capabilities' content='ocr_page ocr_carea ocr_par ocr_line ocrx_word'/>
</head>
<body>
  <div class='ocr_page' id='page_1' title='image "./patrologiaecurs27goog/patrologiaecurs27goog_0478.png"; bbox 0 0 3794 6128; ppageno 0'>
   <div class='ocr_carea' id='block_1_1' title="bbox 126 245 1760 315">
    <p class='ocr_par' dir='ltr' id='par_1_1' title="bbox 126 245 1760 315">
     <span class='ocr_line' id='line_1_1' title="bbox 126 245 1760 315; baseline -0.003 0"><span class='ocrx_word' id='word_1_1' title='bbox 126 254 179 315; x_wconf 66' lang='lat'><strong>22⁹&gt;</strong></span> <span class='ocrx_word' id='word_1_2' title='bbox 580 248 813 309; x_wconf 70' lang='lat' dir='ltr'><strong>expositioni</strong></span> <span class='ocrx_word' id='word_1_3' title='bbox 834 245 1064 306; x_wconf 75' lang='lat' dir='ltr'><strong>estitentttii.</strong></span> <span class='ocrx_word' id='word_1_4' title='bbox 1084 247 1180 306; x_wconf 75' lang='lat' dir='ltr'><strong>istc.</strong></span> <span class='ocrx_word' id='word_1_5' title='bbox 1199 247 1306 306; x_wconf 80' lang='lat' dir='ltr'><strong>cxxi.</strong></span> <span class='ocrx_word' id='word_1_6' title='bbox 1707 252 1760 310; x_wconf 69' lang='lat'><strong>926</strong></span> 
     </span>
    </p>
   </div>
   <div class='ocr_carea' id='block_1_2' title="bbox 122 361 1811 2735">
    <p class='ocr_par' dir='ltr' id='par_1_2' title="bbox 123 361 1811 714">
     <span class='ocr_line' id='line_1_2' title="bbox 123 361 1762 437; baseline -0.002 -12"><span class='ocrx_word' id='word_1_7' title='bbox 123 379 190 425; x_wconf 85' lang='lat' dir='ltr'><strong>state</strong></span> <span class='ocrx_word' id='word_1_8' title='bbox 211 375 237 422; x_wconf 84' lang='lat' dir='ltr'><strong>et</strong></span> <span class='ocrx_word' id='word_1_9' title='bbox 259 368 340 421; x_wconf 82' lang='lat' dir='ltr'><strong>uidete</strong></span> <span class='ocrx_word' id='word_1_10' title='bbox 365 367 486 437; x_wconf 68' lang='lat' dir='ltr'><strong>quoniame</strong></span> <span class='ocrx_word' id='word_1_11' title='bbox 508 368 594 423; x_wconf 78' lang='lat' dir='ltr'><strong>tannis</strong></span> <span class='ocrx_word' id='word_1_12' title='bbox 620 377 657 422; x_wconf 88' lang='lat' dir='ltr'><strong>est</strong></span> <span class='ocrx_word' id='word_1_13' title='bbox 682 366 809 420; x_wconf 79' lang='lat' dir='ltr'><strong>Dareinns</strong></span> <span class='ocrx_word' id='word_1_14' title='bbox 823 362 916 430; x_wconf 80' lang='lat' dir='ltr'><strong>(Psoi.</strong></span> <span class='ocrx_word' id='word_1_15' title='bbox 932 364 1077 436; x_wconf 63' lang='lat' dir='ltr'><strong>Aspiritu,</strong></span> <span class='ocrx_word' id='word_1_16' title='bbox 1095 365 1128 418; x_wconf 84' lang='lat' dir='ltr'><strong>tle</strong></span> <span class='ocrx_word' id='word_1_17' title='bbox 1145 365 1237 436; x_wconf 81' lang='lat' dir='ltr'><strong>spiritu</strong></span> <span class='ocrx_word' id='word_1_18' title='bbox 1255 373 1329 420; x_wconf 87' lang='lat' dir='ltr'><strong>metet</strong></span> <span class='ocrx_word' id='word_1_19' title='bbox 1343 363 1421 417; x_wconf 83' lang='lat' dir='ltr'><strong>titana</strong></span> <span class='ocrx_word' id='word_1_20' title='bbox 1434 361 1643 435; x_wconf 69' lang='lat' dir='ltr'><strong>menomldai.</strong></span> <span class='ocrx_word' id='word_1_21' title='bbox 1657 380 1701 430; x_wconf 86' lang='lat' dir='ltr'><strong>rt,</strong></span> <span class='ocrx_word' id='word_1_22' title='bbox 1712 365 1762 434; x_wconf 80' lang='lat'><strong>8).</strong></span> 
     </span>
     <span class='ocr_line' id='line_1_3' title="bbox 125 453 1762 530; baseline -0.006 -11"><span class='ocrx_word' id='word_1_23' title='bbox 125 475 228 528; x_wconf 82' lang='grc' dir='ltr'>ιιιιιι,</span> <span class='ocrx_word' id='word_1_24' title='bbox 242 460 281 530; x_wconf 80' lang='grc'><strong>9).</strong></span> <span class='ocrx_word' id='word_1_25' title='bbox 298 461 449 528; x_wconf 89' lang='lat' dir='ltr'><strong>lpseetiam</strong></span> <span class='ocrx_word' id='word_1_26' title='bbox 462 461 561 516; x_wconf 83' lang='lat' dir='ltr'><strong>ctarrsis</strong></span> <span class='ocrx_word' id='word_1_27' title='bbox 574 460 652 516; x_wconf 87' lang='lat' dir='ltr'><strong>labiis</strong></span> <span class='ocrx_word' id='word_1_28' title='bbox 665 459 762 515; x_wconf 86' lang='lat' dir='ltr'><strong>clamat</strong></span> <span class='ocrx_word' id='word_1_29' title='bbox 777 458 811 512; x_wconf 90' lang='lat' dir='ltr'><strong>ad</strong></span> <span class='ocrx_word' id='word_1_30' title='bbox 828 456 919 511; x_wconf 85' lang='lat' dir='ltr'><strong>bomi-</strong></span> <span class='ocrx_word' id='word_1_31' title='bbox 972 453 1124 524; x_wconf 89' lang='lat' dir='ltr'><strong>Spiritnaiis</strong></span> <span class='ocrx_word' id='word_1_32' title='bbox 1144 470 1209 526; x_wconf 74' lang='lat' dir='ltr'><strong>ergo</strong></span> <span class='ocrx_word' id='word_1_33' title='bbox 1232 455 1372 509; x_wconf 81' lang='lat' dir='ltr'><strong>scrutinabo</strong></span> <span class='ocrx_word' id='word_1_34' title='bbox 1395 469 1502 523; x_wconf 87' lang='lat' dir='ltr'><strong>semper</strong></span> <span class='ocrx_word' id='word_1_35' title='bbox 1512 455 1538 510; x_wconf 93' lang='lat' dir='ltr'><strong>in</strong></span> <span class='ocrx_word' id='word_1_36' title='bbox 1565 455 1689 528; x_wconf 81' lang='lat' dir='ltr'><strong>lacrymis</strong></span> <span class='ocrx_word' id='word_1_37' title='bbox 1704 465 1762 521; x_wconf 88' lang='lat' dir='ltr'><strong>est,</strong></span> 
     </span>
     <span class='ocr_line' id='line_1_4' title="bbox 123 544 1764 621; baseline -0.005 -12"><span class='ocrx_word' id='word_1_38' title='bbox 123 569 206 617; x_wconf 81' lang='lat' dir='ltr'><strong>oum,</strong></span> <span class='ocrx_word' id='word_1_39' title='bbox 221 563 250 608; x_wconf 89' lang='lat' dir='ltr'><strong>et</strong></span> <span class='ocrx_word' id='word_1_40' title='bbox 263 553 350 608; x_wconf 90' lang='lat' dir='ltr'><strong>otioso</strong></span> <span class='ocrx_word' id='word_1_41' title='bbox 371 567 419 609; x_wconf 90' lang='lat' dir='ltr'><strong>ore</strong></span> <span class='ocrx_word' id='word_1_42' title='bbox 432 553 577 610; x_wconf 86' lang='lat' dir='ltr'><strong>eliicaciter</strong></span> <span class='ocrx_word' id='word_1_43' title='bbox 591 567 645 607; x_wconf 78' lang='lat' dir='ltr'><strong>not</strong></span> <span class='ocrx_word' id='word_1_44' title='bbox 659 549 812 621; x_wconf 88' lang='lat' dir='ltr'><strong>compuncti</strong></span> <span class='ocrx_word' id='word_1_45' title='bbox 830 548 920 604; x_wconf 77' lang='lat' dir='ltr'><strong>sordis</strong></span> <span class='ocrx_word' id='word_1_46' title='bbox 970 547 1031 616; x_wconf 83' lang='lat' dir='ltr'><strong>quia</strong></span> <span class='ocrx_word' id='word_1_47' title='bbox 1045 547 1105 601; x_wconf 81' lang='lat' dir='ltr'><strong>licet</strong></span> <span class='ocrx_word' id='word_1_48' title='bbox 1121 547 1226 611; x_wconf 82' lang='lat' dir='ltr'><strong>indoles,</strong></span> <span class='ocrx_word' id='word_1_49' title='bbox 1253 544 1366 601; x_wconf 77' lang='lat' dir='ltr'><strong>licutino</strong></span> <span class='ocrx_word' id='word_1_50' title='bbox 1386 555 1547 616; x_wconf 76' lang='lat' dir='ltr'><strong>prestante,</strong></span> <span class='ocrx_word' id='word_1_51' title='bbox 1568 547 1679 602; x_wconf 86' lang='lat' dir='ltr'><strong>uirtutes</strong></span> <span class='ocrx_word' id='word_1_52' title='bbox 1692 560 1764 614; x_wconf 80' lang='lat' dir='ltr'><strong>ope-</strong></span> 
     </span>
     <span class='ocr_line' id='line_1_5' title="bbox 123 637 1811 714; baseline -0.003 -15"><span class='ocrx_word' id='word_1_53' title='bbox 123 644 240 699; x_wconf 80' lang='lat' dir='ltr'><strong>auditur.</strong></span> <span class='ocrx_word' id='word_1_54' title='bbox 971 647 1075 703; x_wconf 89' lang='lat' dir='ltr'><strong>rentur,</strong></span> <span class='ocrx_word' id='word_1_55' title='bbox 1096 645 1143 692; x_wconf 90' lang='lat' dir='ltr'><strong>aot</strong></span> <span class='ocrx_word' id='word_1_56' title='bbox 1158 639 1292 707; x_wconf 76' lang='lat' dir='ltr'><strong>preterita</strong></span> <span class='ocrx_word' id='word_1_57' title='bbox 1309 648 1418 708; x_wconf 88' lang='lat' dir='ltr'><strong>peccata</strong></span> <span class='ocrx_word' id='word_1_58' title='bbox 1435 637 1588 707; x_wconf 88' lang='lat' dir='ltr'><strong>deplorant,</strong></span> <span class='ocrx_word' id='word_1_59' title='bbox 1603 648 1646 690; x_wconf 90' lang='lat' dir='ltr'><strong>sot</strong></span> <span class='ocrx_word' id='word_1_60' title='bbox 1667 637 1764 694; x_wconf 87' lang='lat' dir='ltr'><strong>laturis</strong></span> <span class='ocrx_word' id='word_1_61' title='bbox 1808 709 1811 714; x_wconf 20' lang='lat'>¹</span> 
     </span>
    </p>

    <p class='ocr_par' dir='ltr' id='par_1_3' title="bbox 122 728 1767 2091">
     <span class='ocr_line' id='line_1_6' title="bbox 160 728 1764 804; baseline -0.004 -15"><span class='ocrx_word' id='word_1_62' title='bbox 160 735 238 790; x_wconf 82' lang='lat' dir='ltr'><strong>llere.</strong></span> <span class='ocrx_word' id='word_1_63' title='bbox 254 736 280 790; x_wconf 77' lang='lat'><strong>5.</strong></span> <span class='ocrx_word' id='word_1_64' title='bbox 293 734 366 788; x_wconf 83' lang='lat' dir='ltr'><strong>Tunc</strong></span> <span class='ocrx_word' id='word_1_65' title='bbox 376 734 460 788; x_wconf 87' lang='lat' dir='ltr'><strong>dicent</strong></span> <span class='ocrx_word' id='word_1_66' title='bbox 470 736 636 804; x_wconf 74' lang='lat' dir='ltr'><strong>luter-qentes</strong></span> <span class='ocrx_word' id='word_1_67' title='bbox 651 749 662 788; x_wconf 92' lang='lat'><em>:</em></span> <span class='ocrx_word' id='word_1_68' title='bbox 675 731 850 802; x_wconf 70' lang='lat' dir='ltr'><strong>Mneuinrauit</strong></span> <span class='ocrx_word' id='word_1_69' title='bbox 867 730 920 785; x_wconf 79' lang='lat' dir='ltr'><strong>llo·</strong></span> <span class='ocrx_word' id='word_1_70' title='bbox 971 746 1000 787; x_wconf 82' lang='lat' dir='ltr'><strong>se</strong></span> <span class='ocrx_word' id='word_1_71' title='bbox 1014 730 1101 799; x_wconf 89' lang='lat' dir='ltr'><strong>culpis</strong></span> <span class='ocrx_word' id='word_1_72' title='bbox 1112 731 1250 786; x_wconf 86' lang='lat' dir='ltr'><strong>insolsere</strong></span> <span class='ocrx_word' id='word_1_73' title='bbox 1259 731 1460 799; x_wconf 87' lang='lat' dir='ltr'><strong>pertimescunt.</strong></span> <span class='ocrx_word' id='word_1_74' title='bbox 1473 728 1518 785; x_wconf 87' lang='lat' dir='ltr'><strong>Sic</strong></span> <span class='ocrx_word' id='word_1_75' title='bbox 1529 731 1599 784; x_wconf 86' lang='lat' dir='ltr'><strong>enim</strong></span> <span class='ocrx_word' id='word_1_76' title='bbox 1610 730 1710 785; x_wconf 82' lang='lat' dir='ltr'><strong>dictum</strong></span> <span class='ocrx_word' id='word_1_77' title='bbox 1721 737 1764 786; x_wconf 86' lang='lat' dir='ltr'><strong>est</strong></span> 
     </span>
     <span class='ocr_line' id='line_1_7' title="bbox 123 820 1765 895; baseline -0.004 -16"><span class='ocrx_word' id='word_1_78' title='bbox 123 826 210 881; x_wconf 73' lang='grc' dir='ltr'>ιὶιιιι</span> <span class='ocrx_word' id='word_1_79' title='bbox 222 825 306 895; x_wconf 72' lang='lat' dir='ltr'><strong>[merc</strong></span> <span class='ocrx_word' id='word_1_80' title='bbox 319 840 378 880; x_wconf 84' lang='lat' dir='ltr'><strong>eum</strong></span> <span class='ocrx_word' id='word_1_81' title='bbox 390 824 454 879; x_wconf 80' lang='lat' dir='ltr'><strong>titis.</strong></span> <span class='ocrx_word' id='word_1_82' title='bbox 480 824 595 879; x_wconf 79' lang='lat' dir='ltr'>Omnino</span> <span class='ocrx_word' id='word_1_83' title='bbox 610 832 682 879; x_wconf 88' lang='lat' dir='ltr'><strong>eerta</strong></span> <span class='ocrx_word' id='word_1_84' title='bbox 706 825 763 877; x_wconf 84' lang='lat' dir='ltr'><strong>taus</strong></span> <span class='ocrx_word' id='word_1_85' title='bbox 777 831 818 877; x_wconf 84' lang='lat' dir='ltr'><strong>est</strong></span> <span class='ocrx_word' id='word_1_86' title='bbox 839 834 919 890; x_wconf 82' lang='lat' dir='ltr'><strong>quiam</strong></span> <span class='ocrx_word' id='word_1_87' title='bbox 972 822 1100 891; x_wconf 80' lang='lat' dir='ltr'><strong>deipsis:</strong></span> <span class='ocrx_word' id='word_1_88' title='bbox 1114 820 1186 876; x_wconf 82' lang='lat' dir='ltr'><strong>Beati</strong></span> <span class='ocrx_word' id='word_1_89' title='bbox 1198 823 1240 892; x_wconf 79' lang='lat' dir='ltr'><strong>qni</strong></span> <span class='ocrx_word' id='word_1_90' title='bbox 1251 823 1353 894; x_wconf 75' lang='lat' dir='ltr'><strong>inperii,</strong></span> <span class='ocrx_word' id='word_1_91' title='bbox 1364 823 1486 890; x_wconf 73' lang='lat' dir='ltr'><strong>ottonom</strong></span> <span class='ocrx_word' id='word_1_92' title='bbox 1504 822 1553 890; x_wconf 85' lang='lat' dir='ltr'><strong>ipsi</strong></span> <span class='ocrx_word' id='word_1_93' title='bbox 1565 820 1765 875; x_wconf 82' lang='lat' dir='ltr'><strong>cottrolabttntur</strong></span> 
     </span>
     <span class='ocr_line' id='line_1_8' title="bbox 122 909 1765 990; baseline -0.008 -11"><span class='ocrx_word' id='word_1_94' title='bbox 122 918 271 979; x_wconf 76' lang='lat' dir='ltr'><strong>adversarii</strong></span> <span class='ocrx_word' id='word_1_95' title='bbox 293 917 462 990; x_wconf 88' lang='lat' dir='ltr'><strong>prolitentor,</strong></span> <span class='ocrx_word' id='word_1_96' title='bbox 479 926 507 973; x_wconf 95' lang='lat' dir='ltr'><strong>et</strong></span> <span class='ocrx_word' id='word_1_97' title='bbox 529 932 656 988; x_wconf 77' lang='lat' dir='ltr'><strong>magnoni</strong></span> <span class='ocrx_word' id='word_1_98' title='bbox 672 916 777 985; x_wconf 90' lang='lat' dir='ltr'><strong>pondus</strong></span> <span class='ocrx_word' id='word_1_99' title='bbox 799 914 920 970; x_wconf 80' lang='lat' dir='ltr'><strong>ueritatis</strong></span> <span class='ocrx_word' id='word_1_100' title='bbox 972 909 1087 986; x_wconf 67' lang='lat' dir='ltr'><strong>(dmin.</strong></span> <span class='ocrx_word' id='word_1_101' title='bbox 1109 931 1135 980; x_wconf 85' lang='lat' dir='ltr'><strong>u,</strong></span> <span class='ocrx_word' id='word_1_102' title='bbox 1157 914 1201 984; x_wconf 83' lang='grc'><strong>5).</strong></span> <span class='ocrx_word' id='word_1_103' title='bbox 1220 915 1265 969; x_wconf 86' lang='lat' dir='ltr'><strong>lsti</strong></span> <span class='ocrx_word' id='word_1_104' title='bbox 1285 929 1350 984; x_wconf 75' lang='lat' dir='ltr'><strong>ergo</strong></span> <span class='ocrx_word' id='word_1_105' title='bbox 1365 915 1432 969; x_wconf 86' lang='lat' dir='ltr'><strong>tales</strong></span> <span class='ocrx_word' id='word_1_106' title='bbox 1446 915 1489 983; x_wconf 85' lang='lat' dir='ltr'><strong>qui</strong></span> <span class='ocrx_word' id='word_1_107' title='bbox 1501 917 1625 968; x_wconf 81' lang='lat' dir='ltr'><strong>seminant</strong></span> <span class='ocrx_word' id='word_1_108' title='bbox 1639 913 1666 967; x_wconf 86' lang='lat' dir='ltr'><strong>iu</strong></span> <span class='ocrx_word' id='word_1_109' title='bbox 1679 914 1765 983; x_wconf 79' lang='lat' dir='ltr'><strong>inerp-</strong></span> 
     </span>
     <span class='ocr_line' id='line_1_9' title="bbox 123 1005 1764 1078; baseline -0.006 -9"><span class='ocrx_word' id='word_1_110' title='bbox 123 1013 199 1069; x_wconf 91' lang='lat' dir='ltr'><strong>illom</strong></span> <span class='ocrx_word' id='word_1_111' title='bbox 213 1013 313 1067; x_wconf 82' lang='lat' dir='ltr'><strong>bononi</strong></span> <span class='ocrx_word' id='word_1_112' title='bbox 328 1009 511 1065; x_wconf 85' lang='lat' dir='ltr'><strong>testiinonium</strong></span> <span class='ocrx_word' id='word_1_113' title='bbox 527 1008 610 1075; x_wconf 81' lang='lat' dir='ltr'><strong>dare,</strong></span> <span class='ocrx_word' id='word_1_114' title='bbox 622 1008 666 1078; x_wconf 83' lang='lat' dir='ltr'><strong>oui</strong></span> <span class='ocrx_word' id='word_1_115' title='bbox 683 1008 810 1077; x_wconf 87' lang='lat' dir='ltr'><strong>probatur</strong></span> <span class='ocrx_word' id='word_1_116' title='bbox 826 1017 920 1062; x_wconf 87' lang='lat' dir='ltr'><strong>contra</strong></span> <span class='ocrx_word' id='word_1_117' title='bbox 972 1010 1036 1073; x_wconf 84' lang='lat' dir='ltr'><strong>ruia,</strong></span> <span class='ocrx_word' id='word_1_118' title='bbox 1049 1008 1144 1063; x_wconf 83' lang='lat' dir='ltr'><strong>loturae</strong></span> <span class='ocrx_word' id='word_1_119' title='bbox 1154 1008 1342 1077; x_wconf 68' lang='lat' dir='ltr'><strong>promissionis</strong></span> <span class='ocrx_word' id='word_1_120' title='bbox 1354 1005 1764 1077; x_wconf 74' lang='lat' dir='ltr'><strong>guardiaconsequuntur-Quibus</strong></span> 
     </span>
     <span class='ocr_line' id='line_1_10' title="bbox 123 1097 1764 1172; baseline -0.004 -13"><span class='ocrx_word' id='word_1_121' title='bbox 123 1104 253 1160; x_wconf 79' lang='lat' dir='ltr'><strong>sensisse.</strong></span> <span class='ocrx_word' id='word_1_122' title='bbox 265 1101 296 1158; x_wconf 80' lang='lat' dir='ltr'><strong>Et</strong></span> <span class='ocrx_word' id='word_1_123' title='bbox 306 1099 417 1156; x_wconf 90' lang='lat' dir='ltr'><strong>intende</strong></span> <span class='ocrx_word' id='word_1_124' title='bbox 426 1099 578 1169; x_wconf 74' lang='lat' dir='ltr'><strong>diligentius</strong></span> <span class='ocrx_word' id='word_1_125' title='bbox 587 1141 594 1164; x_wconf 87' lang='lat'><strong>,</strong></span> <span class='ocrx_word' id='word_1_126' title='bbox 604 1101 665 1168; x_wconf 84' lang='lat' dir='ltr'><strong>quia</strong></span> <span class='ocrx_word' id='word_1_127' title='bbox 674 1114 727 1153; x_wconf 94' lang='lat' dir='ltr'><strong>non</strong></span> <span class='ocrx_word' id='word_1_128' title='bbox 737 1097 802 1153; x_wconf 88' lang='lat' dir='ltr'><strong>dicit</strong></span> <span class='ocrx_word' id='word_1_129' title='bbox 812 1104 920 1168; x_wconf 75' lang='lat' dir='ltr'><strong>gentes,</strong></span> <span class='ocrx_word' id='word_1_130' title='bbox 971 1102 1051 1157; x_wconf 93' lang='lat' dir='ltr'><strong>etiam</strong></span> <span class='ocrx_word' id='word_1_131' title='bbox 1065 1101 1135 1156; x_wconf 85' lang='lat' dir='ltr'><strong>Osee</strong></span> <span class='ocrx_word' id='word_1_132' title='bbox 1149 1099 1277 1170; x_wconf 86' lang='lat' dir='ltr'><strong>propbeta</strong></span> <span class='ocrx_word' id='word_1_133' title='bbox 1297 1101 1361 1156; x_wconf 89' lang='lat' dir='ltr'><strong>dicit</strong></span> <span class='ocrx_word' id='word_1_134' title='bbox 1375 1116 1384 1155; x_wconf 76' lang='lat' dir='ltr'>t</span> <span class='ocrx_word' id='word_1_135' title='bbox 1401 1100 1484 1155; x_wconf 84' lang='lat' dir='ltr'><strong>serite</strong></span> <span class='ocrx_word' id='word_1_136' title='bbox 1497 1098 1577 1172; x_wconf 67' lang='lat' dir='ltr'><em>W</em></span> <span class='ocrx_word' id='word_1_137' title='bbox 1591 1098 1661 1154; x_wconf 78' lang='lat' dir='ltr'><strong>scits</strong></span> <span class='ocrx_word' id='word_1_138' title='bbox 1674 1099 1708 1153; x_wconf 84' lang='lat' dir='ltr'><strong>ad</strong></span> <span class='ocrx_word' id='word_1_139' title='bbox 1718 1101 1764 1171; x_wconf 79' lang='lat' dir='ltr'><strong>js·</strong></span> 
     </span>
     <span class='ocr_line' id='line_1_11' title="bbox 122 1188 1762 1266; baseline -0.006 -13"><span class='ocrx_word' id='word_1_140' title='bbox 122 1195 172 1253; x_wconf 83' lang='lat' dir='ltr'><strong>sed</strong></span> <span class='ocrx_word' id='word_1_141' title='bbox 185 1196 251 1250; x_wconf 90' lang='lat' dir='ltr'><strong>inter</strong></span> <span class='ocrx_word' id='word_1_142' title='bbox 265 1204 361 1266; x_wconf 78' lang='lat' dir='ltr'><strong>pentes.</strong></span> <span class='ocrx_word' id='word_1_143' title='bbox 377 1192 434 1248; x_wconf 84' lang='lat' dir='ltr'><strong>Non</strong></span> <span class='ocrx_word' id='word_1_144' title='bbox 449 1194 520 1248; x_wconf 87' lang='lat' dir='ltr'><strong>enim</strong></span> <span class='ocrx_word' id='word_1_145' title='bbox 536 1194 562 1246; x_wconf 92' lang='lat' dir='ltr'><strong>in</strong></span> <span class='ocrx_word' id='word_1_146' title='bbox 577 1193 692 1247; x_wconf 84' lang='lat' dir='ltr'><strong>aduentu</strong></span> <span class='ocrx_word' id='word_1_147' title='bbox 708 1191 812 1247; x_wconf 81' lang='lat' dir='ltr'><strong>iiomini</strong></span> <span class='ocrx_word' id='word_1_148' title='bbox 826 1198 921 1261; x_wconf 80' lang='lat' dir='ltr'><strong>gentes</strong></span> <span class='ocrx_word' id='word_1_149' title='bbox 971 1188 1540 1261; x_wconf 73' lang='lat' dir='ltr'><strong>stiriam,etuueineuabeucoroinu.(oss,r,</strong></span> <span class='ocrx_word' id='word_1_150' title='bbox 1550 1188 1762 1259; x_wconf 68' lang='lat' dir='ltr'><strong>libseminatiu</strong></span> 
     </span>
     <span class='ocr_line' id='line_1_12' title="bbox 123 1279 1762 1352; baseline -0.005 -9"><span class='ocrx_word' id='word_1_151' title='bbox 123 1286 312 1343; x_wconf 83' lang='lat' dir='ltr'><strong>uniuersaliter</strong></span> <span class='ocrx_word' id='word_1_152' title='bbox 325 1285 513 1348; x_wconf 85' lang='lat' dir='ltr'><strong>crediderunt;</strong></span> <span class='ocrx_word' id='word_1_153' title='bbox 527 1282 576 1339; x_wconf 85' lang='lat' dir='ltr'><strong>sed</strong></span> <span class='ocrx_word' id='word_1_154' title='bbox 595 1283 662 1338; x_wconf 87' lang='lat' dir='ltr'><strong>inter</strong></span> <span class='ocrx_word' id='word_1_155' title='bbox 680 1294 766 1351; x_wconf 80' lang='lat' dir='ltr'><strong>postea</strong></span> <span class='ocrx_word' id='word_1_156' title='bbox 785 1290 863 1337; x_wconf 87' lang='lat' dir='ltr'><strong>erant</strong></span> <span class='ocrx_word' id='word_1_157' title='bbox 877 1279 921 1350; x_wconf 79' lang='lat' dir='ltr'><strong>quii</strong></span> <span class='ocrx_word' id='word_1_158' title='bbox 973 1279 1762 1352; x_wconf 72' lang='lat' dir='ltr'><strong>roroeorumestpaeemuuerere‚elraritatisstndioomnia</strong></span> 
     </span>
     <span class='ocr_line' id='line_1_13' title="bbox 122 1371 1762 1447; baseline -0.003 -14"><span class='ocrx_word' id='word_1_159' title='bbox 122 1377 277 1447; x_wconf 82' lang='lat' dir='ltr'><strong>compuncti</strong></span> <span class='ocrx_word' id='word_1_160' title='bbox 292 1376 353 1431; x_wconf 88' lang='lat' dir='ltr'><strong>talia</strong></span> <span class='ocrx_word' id='word_1_161' title='bbox 368 1374 459 1431; x_wconf 85' lang='lat' dir='ltr'><strong>dicere</strong></span> <span class='ocrx_word' id='word_1_162' title='bbox 471 1375 627 1443; x_wconf 78' lang='lat' dir='ltr'><strong>potuissent</strong></span> <span class='ocrx_word' id='word_1_163' title='bbox 643 1371 771 1429; x_wconf 85' lang='lat' dir='ltr'><strong>llitlentes</strong></span> <span class='ocrx_word' id='word_1_164' title='bbox 781 1386 846 1441; x_wconf 76' lang='lat' dir='ltr'><strong>erpo</strong></span> <span class='ocrx_word' id='word_1_165' title='bbox 859 1371 922 1426; x_wconf 89' lang='lat' dir='ltr'><strong>reli·</strong></span> <span class='ocrx_word' id='word_1_166' title='bbox 971 1375 1125 1440; x_wconf 82' lang='lat' dir='ltr'><strong>sustinere,</strong></span> <span class='ocrx_word' id='word_1_167' title='bbox 1137 1374 1246 1445; x_wconf 73' lang='lat' dir='ltr'><strong>iejuniis</strong></span> <span class='ocrx_word' id='word_1_168' title='bbox 1261 1390 1358 1444; x_wconf 90' lang='lat' dir='ltr'><strong>corpus</strong></span> <span class='ocrx_word' id='word_1_169' title='bbox 1373 1375 1516 1440; x_wconf 88' lang='lat' dir='ltr'><strong>edomare,</strong></span> <span class='ocrx_word' id='word_1_170' title='bbox 1534 1374 1713 1446; x_wconf 76' lang='lat' dir='ltr'><strong>eleemosynis</strong></span> <span class='ocrx_word' id='word_1_171' title='bbox 1732 1387 1762 1429; x_wconf 87' lang='lat' dir='ltr'><strong>se</strong></span> 
     </span>
     <span class='ocr_line' id='line_1_14' title="bbox 122 1464 1766 1543; baseline -0.004 -16"><span class='ocrx_word' id='word_1_172' title='bbox 122 1471 233 1543; x_wconf 65' lang='lat' dir='ltr'><strong>pionem</strong></span> <span class='ocrx_word' id='word_1_173' title='bbox 245 1470 340 1525; x_wconf 85' lang='lat' dir='ltr'><strong>llorere</strong></span> <span class='ocrx_word' id='word_1_174' title='bbox 350 1470 377 1525; x_wconf 94' lang='lat' dir='ltr'><strong>iu</strong></span> <span class='ocrx_word' id='word_1_175' title='bbox 388 1468 487 1539; x_wconf 91' lang='lat' dir='ltr'><strong>populo</strong></span> <span class='ocrx_word' id='word_1_176' title='bbox 497 1467 661 1535; x_wconf 84' lang='lat' dir='ltr'><strong>Cbristiano,</strong></span> <span class='ocrx_word' id='word_1_177' title='bbox 674 1472 729 1536; x_wconf 76' lang='lat' dir='ltr'><strong>iam</strong></span> <span class='ocrx_word' id='word_1_178' title='bbox 745 1466 816 1523; x_wconf 90' lang='lat' dir='ltr'><strong>bene</strong></span> <span class='ocrx_word' id='word_1_179' title='bbox 826 1464 923 1519; x_wconf 88' lang='lat' dir='ltr'><strong>intelli·</strong></span> <span class='ocrx_word' id='word_1_180' title='bbox 972 1478 1000 1524; x_wconf 94' lang='lat' dir='ltr'><strong>et</strong></span> <span class='ocrx_word' id='word_1_181' title='bbox 1015 1470 1113 1539; x_wconf 88' lang='lat' dir='ltr'><strong>pietate</strong></span> <span class='ocrx_word' id='word_1_182' title='bbox 1125 1469 1253 1535; x_wconf 87' lang='lat' dir='ltr'><strong>relicere,</strong></span> <span class='ocrx_word' id='word_1_183' title='bbox 1267 1477 1295 1523; x_wconf 92' lang='lat' dir='ltr'><strong>et</strong></span> <span class='ocrx_word' id='word_1_184' title='bbox 1308 1468 1435 1539; x_wconf 78' lang='lat' dir='ltr'><strong>uuiduuut</strong></span> <span class='ocrx_word' id='word_1_185' title='bbox 1449 1468 1482 1522; x_wconf 91' lang='lat' dir='ltr'><strong>ad</strong></span> <span class='ocrx_word' id='word_1_186' title='bbox 1495 1468 1661 1539; x_wconf 83' lang='lat' dir='ltr'><strong>disciplinam</strong></span> <span class='ocrx_word' id='word_1_187' title='bbox 1677 1476 1766 1538; x_wconf 83' lang='lat' dir='ltr'><strong>potest</strong></span> 
     </span>
     <span class='ocr_line' id='line_1_15' title="bbox 123 1558 1766 1635; baseline -0.004 -16"><span class='ocrx_word' id='word_1_188' title='bbox 123 1572 219 1635; x_wconf 68' lang='lat' dir='ltr'><strong>gentes</strong></span> <span class='ocrx_word' id='word_1_189' title='bbox 242 1563 352 1632; x_wconf 74' lang='lat' dir='ltr'><strong>professi</strong></span> <span class='ocrx_word' id='word_1_190' title='bbox 369 1571 432 1617; x_wconf 91' lang='lat' dir='ltr'><strong>sunt</strong></span> <span class='ocrx_word' id='word_1_191' title='bbox 446 1575 541 1616; x_wconf 83' lang='lat' dir='ltr'><strong>reuera</strong></span> <span class='ocrx_word' id='word_1_192' title='bbox 563 1558 706 1614; x_wconf 83' lang='lat' dir='ltr'><strong>Dominum</strong></span> <span class='ocrx_word' id='word_1_193' title='bbox 719 1571 781 1613; x_wconf 86' lang='lat' dir='ltr'><strong>esse</strong></span> <span class='ocrx_word' id='word_1_194' title='bbox 800 1570 863 1611; x_wconf 91' lang='lat' dir='ltr'><strong>com</strong></span> <span class='ocrx_word' id='word_1_195' title='bbox 882 1564 923 1610; x_wconf 92' lang='lat' dir='ltr'><strong>ta·</strong></span> <span class='ocrx_word' id='word_1_196' title='bbox 973 1559 1089 1615; x_wconf 85' lang='lat' dir='ltr'><strong>bdelium</strong></span> <span class='ocrx_word' id='word_1_197' title='bbox 1111 1561 1255 1629; x_wconf 89' lang='lat' dir='ltr'><strong>pertinere.</strong></span> <span class='ocrx_word' id='word_1_198' title='bbox 1278 1558 1376 1614; x_wconf 85' lang='lat' dir='ltr'><strong>Contra</strong></span> <span class='ocrx_word' id='word_1_199' title='bbox 1402 1558 1588 1630; x_wconf 70' lang='lat' dir='ltr'><strong>temporalium</strong></span> <span class='ocrx_word' id='word_1_200' title='bbox 1611 1573 1699 1614; x_wconf 88' lang='lat' dir='ltr'><strong>rerum</strong></span> <span class='ocrx_word' id='word_1_201' title='bbox 1719 1573 1766 1614; x_wconf 91' lang='lat' dir='ltr'><strong>cu·</strong></span> 
     </span>
     <span class='ocr_line' id='line_1_16' title="bbox 124 1644 1767 1722; baseline -0.01 -3"><span class='ocrx_word' id='word_1_202' title='bbox 124 1654 214 1719; x_wconf 60' lang='lat' dir='ltr'><strong>libid,</strong></span> <span class='ocrx_word' id='word_1_203' title='bbox 242 1654 287 1722; x_wconf 84' lang='lat' dir='ltr'><strong>qui</strong></span> <span class='ocrx_word' id='word_1_204' title='bbox 313 1651 453 1708; x_wconf 62' lang='lat' dir='ltr'><strong>⁵¹Ud⁰¹¹¹⁰⁵</strong></span> <span class='ocrx_word' id='word_1_205' title='bbox 480 1659 562 1705; x_wconf 51' lang='lat'><strong>¹0⁰¹&amp;</strong></span> <span class='ocrx_word' id='word_1_206' title='bbox 588 1648 762 1705; x_wconf 68' lang='lat' dir='ltr'><strong>⁰⁰ss⁵⁰issssliae</strong></span> <span class='ocrx_word' id='word_1_207' title='bbox 790 1644 864 1701; x_wconf 69' lang='lat'><strong>”⁰¹¹¹</strong></span> <span class='ocrx_word' id='word_1_208' title='bbox 891 1656 922 1699; x_wconf 66' lang='grc' dir='ltr'><strong><em>Μ</em></strong></span> <span class='ocrx_word' id='word_1_209' title='bbox 973 1650 1044 1721; x_wconf 86' lang='lat' dir='ltr'><strong>pidi,</strong></span> <span class='ocrx_word' id='word_1_210' title='bbox 1063 1660 1092 1706; x_wconf 94' lang='lat' dir='ltr'><strong>et</strong></span> <span class='ocrx_word' id='word_1_211' title='bbox 1105 1665 1173 1704; x_wconf 90' lang='lat' dir='ltr'><strong>rana</strong></span> <span class='ocrx_word' id='word_1_212' title='bbox 1188 1649 1280 1706; x_wconf 76' lang='lat' dir='ltr'><strong>sarculi</strong></span> <span class='ocrx_word' id='word_1_213' title='bbox 1294 1649 1480 1705; x_wconf 79' lang='lat' dir='ltr'><strong>desiderantes</strong></span> <span class='ocrx_word' id='word_1_214' title='bbox 1493 1664 1554 1706; x_wconf 88' lang='lat' dir='ltr'><strong>eum</strong></span> <span class='ocrx_word' id='word_1_215' title='bbox 1570 1649 1661 1705; x_wconf 82' lang='lat' dir='ltr'><strong>laetitia</strong></span> <span class='ocrx_word' id='word_1_216' title='bbox 1679 1650 1767 1706; x_wconf 89' lang='lat' dir='ltr'><strong>semi·</strong></span> 
     </span>
     <span class='ocr_line' id='line_1_17' title="bbox 125 1733 1767 1814; baseline -0.008 -5"><span class='ocrx_word' id='word_1_217' title='bbox 125 1744 270 1814; x_wconf 61' lang='lat' dir='ltr'><strong>uolebam</strong></span> <span class='ocrx_word' id='word_1_218' title='bbox 293 1742 485 1813; x_wconf 86' lang='lat' dir='ltr'><strong>superstitione</strong></span> <span class='ocrx_word' id='word_1_219' title='bbox 510 1739 639 1808; x_wconf 58' lang='grc' dir='ltr'><strong>Ρθῑῑυθΐθ·</strong></span> <span class='ocrx_word' id='word_1_220' title='bbox 662 1739 697 1793; x_wconf 62' lang='grc' dir='ltr'><strong>Β)</strong></span> <span class='ocrx_word' id='word_1_221' title='bbox 714 1736 841 1807; x_wconf 68' lang='lat' dir='ltr'><strong>l¹¹⁰¹¹5³ffl</strong></span> <span class='ocrx_word' id='word_1_222' title='bbox 860 1733 922 1790; x_wconf 64' lang='lat' dir='ltr'><strong>1¹¹⁰ss</strong></span> <span class='ocrx_word' id='word_1_223' title='bbox 937 1745 959 1806; x_wconf 82' lang='lat' dir='ltr'><strong>li</strong></span> <span class='ocrx_word' id='word_1_224' title='bbox 973 1751 1054 1810; x_wconf 87' lang='lat' dir='ltr'><strong>nam,</strong></span> <span class='ocrx_word' id='word_1_225' title='bbox 1077 1739 1184 1808; x_wconf 74' lang='lat' dir='ltr'><strong>quando</strong></span> <span class='ocrx_word' id='word_1_226' title='bbox 1199 1739 1329 1797; x_wconf 89' lang='lat' dir='ltr'><strong>adulteria</strong></span> <span class='ocrx_word' id='word_1_227' title='bbox 1343 1741 1529 1809; x_wconf 87' lang='lat' dir='ltr'><strong>committunt,</strong></span> <span class='ocrx_word' id='word_1_228' title='bbox 1544 1741 1683 1796; x_wconf 85' lang='lat' dir='ltr'><strong>avaritiam</strong></span> <span class='ocrx_word' id='word_1_229' title='bbox 1701 1740 1767 1796; x_wconf 91' lang='lat' dir='ltr'><strong>dili-</strong></span> 
     </span>
     <span class='ocr_line' id='line_1_18' title="bbox 123 1825 1765 1905; baseline -0.006 -7"><span class='ocrx_word' id='word_1_230' title='bbox 123 1835 256 1893; x_wconf 72' lang='lat' dir='ltr'><strong>tidebtnl</strong></span> <span class='ocrx_word' id='word_1_231' title='bbox 266 1834 346 1889; x_wconf 69' lang='lat' dir='ltr'><strong>elim</strong></span> <span class='ocrx_word' id='word_1_232' title='bbox 360 1834 472 1888; x_wconf 82' lang='lat' dir='ltr'><strong>uirtutes</strong></span> <span class='ocrx_word' id='word_1_233' title='bbox 488 1831 612 1901; x_wconf 64' lang='lat' dir='ltr'><strong>oberati.</strong></span> <span class='ocrx_word' id='word_1_234' title='bbox 635 1829 760 1886; x_wconf 66' lang='lat' dir='ltr'><strong>diceban!</strong></span> <span class='ocrx_word' id='word_1_235' title='bbox 776 1847 782 1881; x_wconf 68' lang='grc' dir='ltr'><em>τ</em></span> <span class='ocrx_word' id='word_1_236' title='bbox 799 1825 922 1883; x_wconf 60' lang='lat' dir='ltr'><strong>Dotion!</strong></span> <span class='ocrx_word' id='word_1_237' title='bbox 974 1841 1050 1905; x_wconf 74' lang='lat' dir='ltr'><strong>gunt,</strong></span> <span class='ocrx_word' id='word_1_238' title='bbox 1057 1831 1200 1889; x_wconf 86' lang='lat' dir='ltr'><strong>deliciosas</strong></span> <span class='ocrx_word' id='word_1_239' title='bbox 1210 1833 1579 1903; x_wconf 85' lang='lat' dir='ltr'><strong>comessationeseanirnot,</strong></span> <span class='ocrx_word' id='word_1_240' title='bbox 1588 1831 1765 1888; x_wconf 85' lang='lat' dir='ltr'><strong>idololatriam</strong></span> 
     </span>
     <span class='ocr_line' id='line_1_19' title="bbox 125 1922 1767 1996; baseline -0.002 -12"><span class='ocrx_word' id='word_1_241' title='bbox 125 1928 257 1985; x_wconf 83' lang='lat' dir='ltr'><strong>liomiuos</strong></span> <span class='ocrx_word' id='word_1_242' title='bbox 271 1927 402 1996; x_wconf 75' lang='lat' dir='ltr'><strong>magnalia</strong></span> <span class='ocrx_word' id='word_1_243' title='bbox 415 1927 502 1982; x_wconf 88' lang='lat' dir='ltr'><strong>iacere</strong></span> <span class='ocrx_word' id='word_1_244' title='bbox 513 1941 573 1980; x_wconf 87' lang='lat' dir='ltr'><strong>curn</strong></span> <span class='ocrx_word' id='word_1_245' title='bbox 587 1925 656 1991; x_wconf 88' lang='lat' dir='ltr'><strong>iliis,</strong></span> <span class='ocrx_word' id='word_1_246' title='bbox 670 1937 784 1995; x_wconf 79' lang='lat' dir='ltr'><strong>quorum</strong></span> <span class='ocrx_word' id='word_1_247' title='bbox 798 1922 922 1992; x_wconf 88' lang='lat' dir='ltr'><strong>precibus</strong></span> <span class='ocrx_word' id='word_1_248' title='bbox 973 1924 1083 1990; x_wconf 80' lang='lat' dir='ltr'><strong>colunt,</strong></span> <span class='ocrx_word' id='word_1_249' title='bbox 1098 1933 1125 1979; x_wconf 92' lang='lat' dir='ltr'><strong>et</strong></span> <span class='ocrx_word' id='word_1_250' title='bbox 1138 1931 1235 1979; x_wconf 85' lang='lat' dir='ltr'><strong>caetera</strong></span> <span class='ocrx_word' id='word_1_251' title='bbox 1250 1937 1311 1994; x_wconf 76' lang='lat' dir='ltr'><strong>quse</strong></span> <span class='ocrx_word' id='word_1_252' title='bbox 1323 1923 1390 1979; x_wconf 91' lang='lat' dir='ltr'><strong>liunt</strong></span> <span class='ocrx_word' id='word_1_253' title='bbox 1402 1923 1500 1980; x_wconf 78' lang='lat' dir='ltr'><strong>diaboii</strong></span> <span class='ocrx_word' id='word_1_254' title='bbox 1517 1925 1687 1995; x_wconf 72' lang='lat' dir='ltr'><strong>instigatione</strong></span> <span class='ocrx_word' id='word_1_255' title='bbox 1702 1938 1767 1994; x_wconf 88' lang='lat' dir='ltr'><strong>pec·</strong></span> 
     </span>
     <span class='ocr_line' id='line_1_20' title="bbox 124 2016 1767 2091; baseline -0.004 -13"><span class='ocrx_word' id='word_1_256' title='bbox 124 2020 275 2077; x_wconf 75' lang='lat' dir='ltr'><strong>comebant</strong></span> <span class='ocrx_word' id='word_1_257' title='bbox 290 2020 407 2090; x_wconf 83' lang='lat' dir='ltr'><strong>expetita</strong></span> <span class='ocrx_word' id='word_1_258' title='bbox 421 2018 559 2091; x_wconf 88' lang='lat' dir='ltr'><strong>compleri.</strong></span> <span class='ocrx_word' id='word_1_259' title='bbox 973 2026 1044 2073; x_wconf 86' lang='lat' dir='ltr'><strong>cata.</strong></span> <span class='ocrx_word' id='word_1_260' title='bbox 1061 2017 1113 2073; x_wconf 87' lang='lat' dir='ltr'><strong>Sed</strong></span> <span class='ocrx_word' id='word_1_261' title='bbox 1130 2017 1157 2072; x_wconf 93' lang='lat' dir='ltr'><strong>in</strong></span> <span class='ocrx_word' id='word_1_262' title='bbox 1170 2016 1217 2072; x_wconf 90' lang='lat' dir='ltr'><strong>iilo</strong></span> <span class='ocrx_word' id='word_1_263' title='bbox 1232 2016 1278 2072; x_wconf 88' lang='lat' dir='ltr'><strong>die</strong></span> <span class='ocrx_word' id='word_1_264' title='bbox 1287 2017 1381 2087; x_wconf 76' lang='lat' dir='ltr'><strong>iudicii</strong></span> <span class='ocrx_word' id='word_1_265' title='bbox 1393 2031 1455 2075; x_wconf 91' lang='lat' dir='ltr'><strong>cum</strong></span> <span class='ocrx_word' id='word_1_266' title='bbox 1470 2017 1577 2072; x_wconf 80' lang='lat' dir='ltr'><strong>tristitia</strong></span> <span class='ocrx_word' id='word_1_267' title='bbox 1587 2027 1615 2074; x_wconf 91' lang='lat' dir='ltr'><strong>et</strong></span> <span class='ocrx_word' id='word_1_268' title='bbox 1627 2017 1767 2086; x_wconf 65' lang='lat' dir='ltr'><strong>monope-</strong></span> 
     </span>
    </p>

    <p class='ocr_par' dir='ltr' id='par_1_4' title="bbox 124 2107 1769 2735">
     <span class='ocr_line' id='line_1_21' title="bbox 162 2107 1767 2182; baseline -0.002 -16"><span class='ocrx_word' id='word_1_269' title='bbox 162 2112 241 2168; x_wconf 75' lang='lat' dir='ltr'><strong>Vers.</strong></span> <span class='ocrx_word' id='word_1_270' title='bbox 263 2112 290 2167; x_wconf 75' lang='lat' dir='ltr'><strong>i.</strong></span> <span class='ocrx_word' id='word_1_271' title='bbox 310 2111 488 2182; x_wconf 75' lang='lat' dir='ltr'><strong>iiuprnficouit</strong></span> <span class='ocrx_word' id='word_1_272' title='bbox 513 2110 638 2164; x_wconf 86' lang='lat' dir='ltr'><strong>Dcrrtiuus</strong></span> <span class='ocrx_word' id='word_1_273' title='bbox 657 2109 742 2178; x_wconf 72' lang='lat' dir='ltr'><strong>[acere</strong></span> <span class='ocrx_word' id='word_1_274' title='bbox 766 2108 921 2163; x_wconf 78' lang='lat' dir='ltr'><strong>uobiscum:</strong></span> <span class='ocrx_word' id='word_1_275' title='bbox 973 2124 1018 2165; x_wconf 84' lang='lat' dir='ltr'><strong>ras</strong></span> <span class='ocrx_word' id='word_1_276' title='bbox 1038 2124 1100 2164; x_wconf 84' lang='lat' dir='ltr'><strong>siuas</strong></span> <span class='ocrx_word' id='word_1_277' title='bbox 1120 2118 1238 2174; x_wconf 86' lang='lat' dir='ltr'><strong>metent,</strong></span> <span class='ocrx_word' id='word_1_278' title='bbox 1259 2108 1294 2165; x_wconf 93' lang='lat' dir='ltr'><strong>de</strong></span> <span class='ocrx_word' id='word_1_279' title='bbox 1312 2110 1408 2178; x_wconf 81' lang='lat' dir='ltr'><strong>quibus</strong></span> <span class='ocrx_word' id='word_1_280' title='bbox 1426 2110 1557 2178; x_wconf 84' lang='lat' dir='ltr'><strong>seriptum</strong></span> <span class='ocrx_word' id='word_1_281' title='bbox 1580 2117 1643 2164; x_wconf 64' lang='lat' dir='ltr'><strong>est:</strong></span> <span class='ocrx_word' id='word_1_282' title='bbox 1660 2107 1702 2163; x_wconf 89' lang='lat' dir='ltr'><strong>lbi</strong></span> <span class='ocrx_word' id='word_1_283' title='bbox 1720 2109 1767 2164; x_wconf 85' lang='lat' dir='ltr'><strong>erit</strong></span> 
     </span>
     <span class='ocr_line' id='line_1_22' title="bbox 125 2199 1768 2277; baseline -0.003 -18"><span class='ocrx_word' id='word_1_284' title='bbox 125 2204 189 2277; x_wconf 69' lang='lat' dir='ltr'><strong>[aeti</strong></span> <span class='ocrx_word' id='word_1_285' title='bbox 197 2220 284 2259; x_wconf 80' lang='lat' dir='ltr'><strong>sumsit</strong></span> <span class='ocrx_word' id='word_1_286' title='bbox 295 2204 419 2260; x_wconf 76' lang='lat' dir='ltr'><strong>letantes.</strong></span> <span class='ocrx_word' id='word_1_287' title='bbox 429 2204 468 2258; x_wconf 84' lang='lat' dir='ltr'><strong>b&#39;e</strong></span> <span class='ocrx_word' id='word_1_288' title='bbox 477 2205 629 2273; x_wconf 87' lang='lat' dir='ltr'><strong>superiores</strong></span> <span class='ocrx_word' id='word_1_289' title='bbox 636 2216 776 2257; x_wconf 88' lang='lat' dir='ltr'><strong>sermones</strong></span> <span class='ocrx_word' id='word_1_290' title='bbox 785 2199 922 2272; x_wconf 77' lang='lat' dir='ltr'><strong>gentilium</strong></span> <span class='ocrx_word' id='word_1_291' title='bbox 973 2202 1047 2271; x_wconf 72' lang='lat' dir='ltr'><strong>pietus</strong></span> <span class='ocrx_word' id='word_1_292' title='bbox 1072 2209 1095 2254; x_wconf 92' lang='lat' dir='ltr'><strong>et</strong></span> <span class='ocrx_word' id='word_1_293' title='bbox 1115 2201 1211 2255; x_wconf 86' lang='lat' dir='ltr'><strong>stridor</strong></span> <span class='ocrx_word' id='word_1_294' title='bbox 1228 2200 1343 2259; x_wconf 82' lang='lat' dir='ltr'><strong>dentium</strong></span> <span class='ocrx_word' id='word_1_295' title='bbox 1368 2200 1483 2273; x_wconf 79' lang='lat' dir='ltr'><strong>(linoln</strong></span> <span class='ocrx_word' id='word_1_296' title='bbox 1498 2216 1557 2269; x_wconf 87' lang='lat' dir='ltr'><strong>utn,</strong></span> <span class='ocrx_word' id='word_1_297' title='bbox 1571 2200 1639 2272; x_wconf 71' lang='lat' dir='ltr'><strong>ii).</strong></span> <span class='ocrx_word' id='word_1_298' title='bbox 1655 2201 1700 2256; x_wconf 82' lang='lat' dir='ltr'><strong>Sic</strong></span> <span class='ocrx_word' id='word_1_299' title='bbox 1714 2214 1768 2256; x_wconf 87' lang='lat' dir='ltr'><strong>utto</strong></span> 
     </span>
     <span class='ocr_line' id='line_1_23' title="bbox 124 2289 1767 2363; baseline -0.004 -11"><span class='ocrx_word' id='word_1_300' title='bbox 124 2297 177 2352; x_wconf 86' lang='lat' dir='ltr'><strong>sttb</strong></span> <span class='ocrx_word' id='word_1_301' title='bbox 196 2297 331 2352; x_wconf 82' lang='lat' dir='ltr'><strong>dubietate</strong></span> <span class='ocrx_word' id='word_1_302' title='bbox 345 2296 542 2361; x_wconf 85' lang='lat' dir='ltr'><strong>reliuuueront,</strong></span> <span class='ocrx_word' id='word_1_303' title='bbox 559 2310 631 2349; x_wconf 79' lang='lat' dir='ltr'><strong>turine</strong></span> <span class='ocrx_word' id='word_1_304' title='bbox 644 2296 677 2349; x_wconf 84' lang='lat' dir='ltr'><strong>sul</strong></span> <span class='ocrx_word' id='word_1_305' title='bbox 690 2309 765 2349; x_wconf 84' lang='lat' dir='ltr'><strong>suani</strong></span> <span class='ocrx_word' id='word_1_306' title='bbox 781 2307 922 2363; x_wconf 79' lang='lat' dir='ltr'><strong>personam</strong></span> <span class='ocrx_word' id='word_1_307' title='bbox 973 2290 1106 2347; x_wconf 73' lang='lat' dir='ltr'><strong>versiculo</strong></span> <span class='ocrx_word' id='word_1_308' title='bbox 1116 2300 1143 2347; x_wconf 90' lang='lat' dir='ltr'><strong>et</strong></span> <span class='ocrx_word' id='word_1_309' title='bbox 1153 2289 1283 2346; x_wconf 87' lang='lat' dir='ltr'><strong>bonarum</strong></span> <span class='ocrx_word' id='word_1_310' title='bbox 1294 2306 1384 2346; x_wconf 89' lang='lat' dir='ltr'><strong>rerum</strong></span> <span class='ocrx_word' id='word_1_311' title='bbox 1395 2292 1589 2361; x_wconf 83' lang='lat' dir='ltr'><strong>compensatio,</strong></span> <span class='ocrx_word' id='word_1_312' title='bbox 1600 2299 1628 2346; x_wconf 90' lang='lat' dir='ltr'><strong>et</strong></span> <span class='ocrx_word' id='word_1_313' title='bbox 1638 2290 1767 2347; x_wconf 89' lang='lat' dir='ltr'><strong>malarum</strong></span> 
     </span>
     <span class='ocr_line' id='line_1_24' title="bbox 125 2383 1768 2456; baseline -0.002 -13"><span class='ocrx_word' id='word_1_314' title='bbox 125 2386 264 2443; x_wconf 85' lang='lat' dir='ltr'><strong>trabentes</strong></span> <span class='ocrx_word' id='word_1_315' title='bbox 290 2401 384 2441; x_wconf 91' lang='lat' dir='ltr'><strong>corum</strong></span> <span class='ocrx_word' id='word_1_316' title='bbox 406 2386 475 2442; x_wconf 86' lang='lat' dir='ltr'><strong>dicta</strong></span> <span class='ocrx_word' id='word_1_317' title='bbox 500 2386 669 2442; x_wconf 88' lang='lat' dir='ltr'><strong>continuant.</strong></span> <span class='ocrx_word' id='word_1_318' title='bbox 698 2385 825 2439; x_wconf 78' lang='lat' dir='ltr'><strong>Faciebat</strong></span> <span class='ocrx_word' id='word_1_319' title='bbox 850 2383 922 2439; x_wconf 91' lang='lat' dir='ltr'><strong>enim</strong></span> <span class='ocrx_word' id='word_1_320' title='bbox 975 2385 1115 2443; x_wconf 83' lang='lat' dir='ltr'><strong>retributio</strong></span> <span class='ocrx_word' id='word_1_321' title='bbox 1136 2384 1318 2445; x_wconf 85' lang='lat' dir='ltr'><strong>declarantur.</strong></span> <span class='ocrx_word' id='word_1_322' title='bbox 1342 2384 1408 2452; x_wconf 76' lang='lat' dir='ltr'><strong>Quae</strong></span> <span class='ocrx_word' id='word_1_323' title='bbox 1430 2385 1514 2456; x_wconf 76' lang='lat' dir='ltr'><strong>figora</strong></span> <span class='ocrx_word' id='word_1_324' title='bbox 1535 2385 1636 2440; x_wconf 61' lang='lat' dir='ltr'><strong>dicitnr</strong></span> <span class='ocrx_word' id='word_1_325' title='bbox 1654 2385 1768 2440; x_wconf 85' lang='lat' dir='ltr'><strong>aritista·</strong></span> 
     </span>
     <span class='ocr_line' id='line_1_25' title="bbox 127 2474 1769 2563; baseline -0.002 -30"><span class='ocrx_word' id='word_1_326' title='bbox 127 2479 256 2563; x_wconf 68' lang='lat' dir='ltr'><strong>botrium</strong></span> <span class='ocrx_word' id='word_1_327' title='bbox 278 2494 338 2534; x_wconf 90' lang='lat' dir='ltr'><strong>cum</strong></span> <span class='ocrx_word' id='word_1_328' title='bbox 359 2479 425 2547; x_wconf 85' lang='lat' dir='ltr'><strong>ips&#39;s</strong></span> <span class='ocrx_word' id='word_1_329' title='bbox 446 2479 588 2547; x_wconf 66' lang='lat' dir='ltr'><strong>maritalia,</strong></span> <span class='ocrx_word' id='word_1_330' title='bbox 603 2476 710 2547; x_wconf 82' lang='lat' dir='ltr'><strong>quaudo</strong></span> <span class='ocrx_word' id='word_1_331' title='bbox 728 2489 776 2530; x_wconf 89' lang='lat' dir='ltr'><strong>eos</strong></span> <span class='ocrx_word' id='word_1_332' title='bbox 793 2474 923 2545; x_wconf 91' lang='lat' dir='ltr'><strong>propitius</strong></span> <span class='ocrx_word' id='word_1_333' title='bbox 975 2475 1096 2543; x_wconf 87' lang='lat' dir='ltr'><strong>tlimisis,</strong></span> <span class='ocrx_word' id='word_1_334' title='bbox 1114 2476 1165 2532; x_wconf 90' lang='lat' dir='ltr'><strong>boe</strong></span> <span class='ocrx_word' id='word_1_335' title='bbox 1177 2485 1220 2531; x_wconf 89' lang='lat' dir='ltr'><strong>est</strong></span> <span class='ocrx_word' id='word_1_336' title='bbox 1239 2477 1465 2546; x_wconf 84' lang='lat' dir='ltr'><strong>recompensatio,</strong></span> <span class='ocrx_word' id='word_1_337' title='bbox 1480 2476 1586 2548; x_wconf 85' lang='lat' dir='ltr'><strong>quando</strong></span> <span class='ocrx_word' id='word_1_338' title='bbox 1598 2477 1671 2547; x_wconf 83' lang='lat' dir='ltr'><strong>justa</strong></span> <span class='ocrx_word' id='word_1_339' title='bbox 1691 2475 1769 2531; x_wconf 73' lang='lat' dir='ltr'><strong>tacte</strong></span> 
     </span>
     <span class='ocr_line' id='line_1_26' title="bbox 125 2565 1769 2640; baseline -0.001 -15"><span class='ocrx_word' id='word_1_340' title='bbox 125 2568 286 2640; x_wconf 66' lang='lat' dir='ltr'><strong>dignabatur</strong></span> <span class='ocrx_word' id='word_1_341' title='bbox 306 2570 409 2625; x_wconf 85' lang='lat' dir='ltr'><strong>audire.</strong></span> <span class='ocrx_word' id='word_1_342' title='bbox 434 2570 468 2624; x_wconf 83' lang='lat' dir='ltr'><strong>Et</strong></span> <span class='ocrx_word' id='word_1_343' title='bbox 492 2579 555 2624; x_wconf 92' lang='lat' dir='ltr'><strong>nota</strong></span> <span class='ocrx_word' id='word_1_344' title='bbox 579 2584 663 2640; x_wconf 75' lang='lat' dir='ltr'><strong>genos</strong></span> <span class='ocrx_word' id='word_1_345' title='bbox 689 2568 830 2622; x_wconf 90' lang='lat' dir='ltr'><strong>locutionis</strong></span> <span class='ocrx_word' id='word_1_346' title='bbox 850 2565 922 2637; x_wconf 82' lang='lat' dir='ltr'><strong>quod</strong></span> <span class='ocrx_word' id='word_1_347' title='bbox 975 2567 1085 2636; x_wconf 90' lang='lat' dir='ltr'><strong>recipit,</strong></span> <span class='ocrx_word' id='word_1_348' title='bbox 1108 2569 1152 2636; x_wconf 86' lang='lat' dir='ltr'><strong>qui</strong></span> <span class='ocrx_word' id='word_1_349' title='bbox 1173 2580 1203 2622; x_wconf 92' lang='lat' dir='ltr'><strong>se</strong></span> <span class='ocrx_word' id='word_1_350' title='bbox 1224 2576 1271 2622; x_wconf 92' lang='lat' dir='ltr'><strong>aut</strong></span> <span class='ocrx_word' id='word_1_351' title='bbox 1291 2576 1375 2634; x_wconf 87' lang='lat' dir='ltr'><strong>recta,</strong></span> <span class='ocrx_word' id='word_1_352' title='bbox 1396 2576 1441 2622; x_wconf 90' lang='lat' dir='ltr'><strong>aut</strong></span> <span class='ocrx_word' id='word_1_353' title='bbox 1462 2581 1543 2638; x_wconf 84' lang='lat' dir='ltr'><strong>prava</strong></span> <span class='ocrx_word' id='word_1_354' title='bbox 1563 2567 1769 2624; x_wconf 82' lang='lat' dir='ltr'><strong>conuersatione</strong></span> 
     </span>
     <span class='ocr_line' id='line_1_27' title="bbox 126 2656 1140 2735; baseline -0.008 -14"><span class='ocrx_word' id='word_1_355' title='bbox 126 2664 214 2721; x_wconf 75' lang='lat' dir='ltr'><strong>dieii:</strong></span> <span class='ocrx_word' id='word_1_356' title='bbox 235 2663 411 2735; x_wconf 70' lang='lat' dir='ltr'><strong>nepotianus</strong></span> <span class='ocrx_word' id='word_1_357' title='bbox 424 2661 551 2717; x_wconf 82' lang='lat' dir='ltr'><strong>Dominus</strong></span> <span class='ocrx_word' id='word_1_358' title='bbox 570 2663 655 2730; x_wconf 74' lang='lat' dir='ltr'><strong>[acere</strong></span> <span class='ocrx_word' id='word_1_359' title='bbox 674 2660 820 2727; x_wconf 84' lang='lat' dir='ltr'><strong>nobiscnm,</strong></span> <span class='ocrx_word' id='word_1_360' title='bbox 841 2659 866 2712; x_wconf 87' lang='lat' dir='ltr'><strong>id</strong></span> <span class='ocrx_word' id='word_1_361' title='bbox 882 2663 925 2713; x_wconf 85' lang='lat' dir='ltr'><strong>esi</strong></span> <span class='ocrx_word' id='word_1_362' title='bbox 975 2656 1140 2715; x_wconf 81' lang='lat' dir='ltr'><strong>tractaverit.</strong></span> 
     </span>
    </p>
   </div>
   <div class='ocr_carea' id='block_1_3' title="bbox 126 2740 1770 2918">
    <p class='ocr_par' dir='ltr' id='par_1_5' title="bbox 126 2740 1770 2918">
     <span class='ocr_line' id='line_1_28' title="bbox 126 2740 1770 2837; baseline -0.012 -23"><span class='ocrx_word' id='word_1_363' title='bbox 126 2757 246 2814; x_wconf 77' lang='lat' dir='ltr'><strong>tleerent</strong></span> <span class='ocrx_word' id='word_1_364' title='bbox 266 2771 376 2824; x_wconf 74' lang='lat' dir='ltr'><strong>magnos</strong></span> <span class='ocrx_word' id='word_1_365' title='bbox 398 2770 447 2811; x_wconf 92' lang='lat' dir='ltr'><strong>uos</strong></span> <span class='ocrx_word' id='word_1_366' title='bbox 467 2753 610 2810; x_wconf 89' lang='lat' dir='ltr'><strong>ostendere</strong></span> <span class='ocrx_word' id='word_1_367' title='bbox 631 2751 755 2824; x_wconf 77' lang='lat' dir='ltr'><strong>gentibus</strong></span> <span class='ocrx_word' id='word_1_368' title='bbox 778 2740 924 2806; x_wconf 85' lang='lat' dir='ltr'><strong>donatione</strong></span> <span class='ocrx_word' id='word_1_369' title='bbox 981 2827 984 2833; x_wconf 23' lang='grc' dir='ltr'>Ι</span> <span class='ocrx_word' id='word_1_370' title='bbox 1013 2763 1091 2821; x_wconf 61' lang='lat' dir='ltr'><strong>vers,</strong></span> <span class='ocrx_word' id='word_1_371' title='bbox 1105 2766 1131 2818; x_wconf 75' lang='lat'><strong>7,</strong></span> <span class='ocrx_word' id='word_1_372' title='bbox 1154 2764 1251 2820; x_wconf 61' lang='lat' dir='ltr'><strong>[unm</strong></span> <span class='ocrx_word' id='word_1_373' title='bbox 1275 2766 1347 2820; x_wconf 59' lang='lat' dir='ltr'><strong>,pam</strong></span> <span class='ocrx_word' id='word_1_374' title='bbox 1367 2773 1392 2821; x_wconf 52' lang='grc' dir='ltr'><strong>ι,</strong></span> <span class='ocrx_word' id='word_1_375' title='bbox 1412 2767 1518 2837; x_wconf 48' lang='grc' dir='ltr'><strong>ΜΝ,</strong></span> <span class='ocrx_word' id='word_1_376' title='bbox 1533 2768 1659 2821; x_wconf 61' lang='lat' dir='ltr'><strong>mmmm</strong></span> <span class='ocrx_word' id='word_1_377' title='bbox 1673 2772 1770 2825; x_wconf 58' lang='lat' dir='ltr'><strong>„mm</strong></span> 
     </span>
     <span class='ocr_line' id='line_1_29' title="bbox 127 2842 1033 2918; baseline -0.01 -13"><span class='ocrx_word' id='word_1_378' title='bbox 127 2850 266 2905; x_wconf 73' lang='lat' dir='ltr'><strong>uirtutum.</strong></span> <span class='ocrx_word' id='word_1_379' title='bbox 292 2848 366 2915; x_wconf 83' lang='lat' dir='ltr'><strong>Quod</strong></span> <span class='ocrx_word' id='word_1_380' title='bbox 380 2855 408 2902; x_wconf 92' lang='lat' dir='ltr'><strong>et</strong></span> <span class='ocrx_word' id='word_1_381' title='bbox 427 2861 512 2918; x_wconf 74' lang='lat' dir='ltr'><strong>petitus</strong></span> <span class='ocrx_word' id='word_1_382' title='bbox 533 2846 677 2901; x_wconf 91' lang='lat' dir='ltr'><strong>locutionis</strong></span> <span class='ocrx_word' id='word_1_383' title='bbox 691 2844 762 2898; x_wconf 91' lang='lat' dir='ltr'><strong>inter</strong></span> <span class='ocrx_word' id='word_1_384' title='bbox 778 2842 924 2910; x_wconf 75' lang='lat' dir='ltr'><strong>Scripturas</strong></span> <span class='ocrx_word' id='word_1_385' title='bbox 975 2874 1033 2912; x_wconf 67' lang='lat' dir='ltr'><strong>m,</strong></span> 
     </span>
    </p>
   </div>
   <div class='ocr_carea' id='block_1_4' title="bbox 127 2933 1768 3025">
    <p class='ocr_par' dir='ltr' id='par_1_6' title="bbox 127 2933 1768 3025">
     <span class='ocr_line' id='line_1_30' title="bbox 127 2933 1768 3025; baseline -0.008 -28"><span class='ocrx_word' id='word_1_386' title='bbox 127 2942 222 2998; x_wconf 78' lang='lat' dir='ltr'><strong>divine</strong></span> <span class='ocrx_word' id='word_1_387' title='bbox 238 2940 345 3009; x_wconf 90' lang='lat' dir='ltr'><strong>propria</strong></span> <span class='ocrx_word' id='word_1_388' title='bbox 359 2937 560 3006; x_wconf 75' lang='lat' dir='ltr'><strong>susesspiendum</strong></span> <span class='ocrx_word' id='word_1_389' title='bbox 573 2942 756 3004; x_wconf 86' lang='lat' dir='ltr'><strong>competenter</strong></span> <span class='ocrx_word' id='word_1_390' title='bbox 766 2933 923 3003; x_wconf 87' lang='lat' dir='ltr'><strong>accipimus.</strong></span> <span class='ocrx_word' id='word_1_391' title='bbox 1013 2949 1091 3005; x_wconf 57' lang='lat' dir='ltr'><strong>vers,</strong></span> <span class='ocrx_word' id='word_1_392' title='bbox 1109 2948 1137 3004; x_wconf 65' lang='lat' dir='ltr'><strong>g,</strong></span> <span class='ocrx_word' id='word_1_393' title='bbox 1157 2947 1293 3003; x_wconf 58' lang='lat' dir='ltr'><strong>pamm„</strong></span> <span class='ocrx_word' id='word_1_394' title='bbox 1311 2957 1397 3003; x_wconf 62' lang='lat' dir='ltr'><strong>amm</strong></span> <span class='ocrx_word' id='word_1_395' title='bbox 1414 2949 1514 3004; x_wconf 58' lang='lat' dir='ltr'><strong>„mrem</strong></span> <span class='ocrx_word' id='word_1_396' title='bbox 1531 2949 1558 3005; x_wconf 65' lang='lat'><strong>5„</strong></span> <span class='ocrx_word' id='word_1_397' title='bbox 1570 2950 1647 3025; x_wconf 57' lang='lat' dir='ltr'><strong>[m</strong></span> <span class='ocrx_word' id='word_1_398' title='bbox 1662 2949 1709 3015; x_wconf 48' lang='lat' dir='ltr'><strong>A„</strong></span> <span class='ocrx_word' id='word_1_399' title='bbox 1720 2949 1768 3016; x_wconf 72' lang='lat' dir='ltr'><strong>fio</strong></span> 
     </span>
    </p>
   </div>
   <div class='ocr_carea' id='block_1_5' title="bbox 127 3026 1855 5767">
    <p class='ocr_par' dir='ltr' id='par_1_7' title="bbox 127 3026 1855 3657">
     <span class='ocr_line' id='line_1_31' title="bbox 127 3026 1769 3110; baseline 0.001 -19"><span class='ocrx_word' id='word_1_400' title='bbox 127 3030 262 3102; x_wconf 56' lang='lat' dir='ltr'><strong>munitm,</strong></span> <span class='ocrx_word' id='word_1_401' title='bbox 273 3031 335 3099; x_wconf 69' lang='lat' dir='ltr'><strong>[ocii</strong></span> <span class='ocrx_word' id='word_1_402' title='bbox 346 3045 433 3083; x_wconf 65' lang='lat' dir='ltr'><strong>‘voitu</strong></span> <span class='ocrx_word' id='word_1_403' title='bbox 445 3030 579 3091; x_wconf 61' lang='lat' dir='ltr'><strong>lividum:</strong></span> <span class='ocrx_word' id='word_1_404' title='bbox 592 3026 683 3096; x_wconf 66' lang='lat' dir='ltr'><strong>ulline</strong></span> <span class='ocrx_word' id='word_1_405' title='bbox 696 3026 730 3081; x_wconf 63' lang='lat' dir='ltr'><strong>ds·</strong></span> <span class='ocrx_word' id='word_1_406' title='bbox 742 3035 814 3081; x_wconf 88' lang='lat' dir='ltr'><strong>tnnta</strong></span> <span class='ocrx_word' id='word_1_407' title='bbox 828 3027 923 3098; x_wconf 75' lang='lat' dir='ltr'><strong>gratia.</strong></span> <span class='ocrx_word' id='word_1_408' title='bbox 976 3037 1047 3110; x_wconf 84' lang='lat' dir='ltr'><strong>eum]</strong></span> <span class='ocrx_word' id='word_1_409' title='bbox 1062 3038 1232 3092; x_wconf 64' lang='lat' dir='ltr'><strong>usitatione</strong></span> <span class='ocrx_word' id='word_1_410' title='bbox 1247 3047 1377 3107; x_wconf 84' lang='lat' dir='ltr'><strong>portantes</strong></span> <span class='ocrx_word' id='word_1_411' title='bbox 1399 3039 1543 3110; x_wconf 85' lang='lat' dir='ltr'><strong>morripnlos</strong></span> <span class='ocrx_word' id='word_1_412' title='bbox 1557 3055 1627 3094; x_wconf 83' lang='lat' dir='ltr'><strong>suas.</strong></span> <span class='ocrx_word' id='word_1_413' title='bbox 1643 3038 1769 3106; x_wconf 79' lang='lat' dir='ltr'><strong>Qttamris</strong></span> 
     </span>
     <span class='ocr_line' id='line_1_32' title="bbox 130 3117 1769 3201; baseline -0.005 -21"><span class='ocrx_word' id='word_1_414' title='bbox 130 3123 193 3180; x_wconf 65' lang='grc' dir='ltr'><strong>ΕΗ)</strong></span> <span class='ocrx_word' id='word_1_415' title='bbox 213 3124 339 3176; x_wconf 67' lang='lat' dir='ltr'><strong>illinitum</strong></span> <span class='ocrx_word' id='word_1_416' title='bbox 359 3121 467 3190; x_wconf 69' lang='lat' dir='ltr'><strong>copiosa</strong></span> <span class='ocrx_word' id='word_1_417' title='bbox 492 3120 600 3186; x_wconf 57' lang='lat' dir='ltr'><strong>immin,</strong></span> <span class='ocrx_word' id='word_1_418' title='bbox 621 3119 728 3189; x_wconf 82' lang='lat' dir='ltr'><strong>qttbtttitt</strong></span> <span class='ocrx_word' id='word_1_419' title='bbox 748 3134 778 3174; x_wconf 66' lang='lat' dir='ltr'><strong>Se</strong></span> <span class='ocrx_word' id='word_1_420' title='bbox 799 3117 925 3173; x_wconf 64' lang='lat' dir='ltr'><strong>Videbam</strong></span> <span class='ocrx_word' id='word_1_421' title='bbox 939 3119 963 3183; x_wconf 73' lang='lat' dir='ltr'>C</span> <span class='ocrx_word' id='word_1_422' title='bbox 977 3138 1005 3183; x_wconf 72' lang='lat' dir='ltr'><strong>el</strong></span> <span class='ocrx_word' id='word_1_423' title='bbox 1025 3128 1068 3183; x_wconf 74' lang='lat' dir='ltr'><strong>hie</strong></span> <span class='ocrx_word' id='word_1_424' title='bbox 1085 3142 1182 3198; x_wconf 51' lang='lat' dir='ltr'><strong>persus</strong></span> <span class='ocrx_word' id='word_1_425' title='bbox 1204 3128 1239 3185; x_wconf 71' lang='lat' dir='ltr'><strong>ad</strong></span> <span class='ocrx_word' id='word_1_426' title='bbox 1261 3130 1399 3200; x_wconf 68' lang='lat' dir='ltr'><strong>gellfflles</strong></span> <span class='ocrx_word' id='word_1_427' title='bbox 1422 3129 1545 3186; x_wconf 65' lang='lat' dir='ltr'><strong>videatur</strong></span> <span class='ocrx_word' id='word_1_428' title='bbox 1568 3131 1651 3186; x_wconf 65' lang='lat' dir='ltr'><strong>bonag</strong></span> <span class='ocrx_word' id='word_1_429' title='bbox 1672 3147 1769 3201; x_wconf 66' lang='lat' dir='ltr'><strong>(spem</strong></span> 
     </span>
     <span class='ocr_line' id='line_1_33' title="bbox 128 3213 1855 3293; baseline -0.001 -14"><span class='ocrx_word' id='word_1_430' title='bbox 128 3215 282 3286; x_wconf 60' lang='lat' dir='ltr'><strong>ibethlilei</strong></span> <span class='ocrx_word' id='word_1_431' title='bbox 300 3214 388 3283; x_wconf 66' lang='lat' dir='ltr'><strong>diligi,</strong></span> <span class='ocrx_word' id='word_1_432' title='bbox 412 3214 456 3282; x_wconf 75' lang='lat' dir='ltr'><strong>‘itii</strong></span> <span class='ocrx_word' id='word_1_433' title='bbox 479 3214 612 3268; x_wconf 69' lang='lat' dir='ltr'><strong>‘detorsio</strong></span> <span class='ocrx_word' id='word_1_434' title='bbox 634 3213 750 3281; x_wconf 85' lang='lat' dir='ltr'><strong>pessima</strong></span> <span class='ocrx_word' id='word_1_435' title='bbox 769 3213 925 3283; x_wconf 78' lang='lat' dir='ltr'><strong>captivitate</strong></span> <span class='ocrx_word' id='word_1_436' title='bbox 978 3221 1123 3290; x_wconf 66' lang='lat' dir='ltr'><strong>portinere,</strong></span> <span class='ocrx_word' id='word_1_437' title='bbox 1141 3229 1230 3272; x_wconf 91' lang='lat' dir='ltr'><strong>tamen</strong></span> <span class='ocrx_word' id='word_1_438' title='bbox 1245 3221 1432 3290; x_wconf 78' lang='lat' dir='ltr'><strong>eleemosynas</strong></span> <span class='ocrx_word' id='word_1_439' title='bbox 1445 3223 1561 3277; x_wconf 81' lang='lat' dir='ltr'><strong>manime</strong></span> <span class='ocrx_word' id='word_1_440' title='bbox 1580 3223 1770 3293; x_wconf 88' lang='lat' dir='ltr'><strong>(sieutetaiiis</strong></span> <span class='ocrx_word' id='word_1_441' title='bbox 1851 3229 1855 3235; x_wconf 89' lang='lat'>&#39;</span> 
     </span>
     <span class='ocr_line' id='line_1_34' title="bbox 130 3304 1770 3383; baseline 0.002 -17"><span class='ocrx_word' id='word_1_442' title='bbox 130 3308 246 3366; x_wconf 86' lang='lat' dir='ltr'><strong>liberati.</strong></span> <span class='ocrx_word' id='word_1_443' title='bbox 256 3308 321 3375; x_wconf 78' lang='lat' dir='ltr'><strong>Qrte</strong></span> <span class='ocrx_word' id='word_1_444' title='bbox 332 3305 414 3376; x_wconf 73' lang='lat' dir='ltr'><strong>ligura</strong></span> <span class='ocrx_word' id='word_1_445' title='bbox 423 3304 685 3373; x_wconf 78' lang='lat' dir='ltr'><strong>dicitnrdiatyposis,</strong></span> <span class='ocrx_word' id='word_1_446' title='bbox 702 3304 728 3359; x_wconf 86' lang='lat' dir='ltr'><strong>nt</strong></span> <span class='ocrx_word' id='word_1_447' title='bbox 736 3314 778 3359; x_wconf 89' lang='lat' dir='ltr'><strong>est</strong></span> <span class='ocrx_word' id='word_1_448' title='bbox 787 3305 927 3374; x_wconf 83' lang='lat' dir='ltr'><strong>expressio</strong></span> <span class='ocrx_word' id='word_1_449' title='bbox 978 3309 1062 3364; x_wconf 84' lang='lat' dir='ltr'><strong>risum</strong></span> <span class='ocrx_word' id='word_1_450' title='bbox 1084 3311 1135 3380; x_wconf 88' lang='lat' dir='ltr'><strong>est)</strong></span> <span class='ocrx_word' id='word_1_451' title='bbox 1159 3309 1324 3380; x_wconf 75' lang='lat' dir='ltr'><strong>dignoscitur</strong></span> <span class='ocrx_word' id='word_1_452' title='bbox 1346 3326 1535 3380; x_wconf 89' lang='lat' dir='ltr'><strong>commonere;</strong></span> <span class='ocrx_word' id='word_1_453' title='bbox 1553 3313 1624 3368; x_wconf 89' lang='lat' dir='ltr'><strong>unde</strong></span> <span class='ocrx_word' id='word_1_454' title='bbox 1641 3315 1770 3383; x_wconf 82' lang='lat' dir='ltr'><strong>scripturn</strong></span> 
     </span>
     <span class='ocr_line' id='line_1_35' title="bbox 129 3395 1772 3474; baseline 0.001 -18"><span class='ocrx_word' id='word_1_455' title='bbox 129 3396 248 3457; x_wconf 73' lang='lat' dir='ltr'><strong>babitus.</strong></span> <span class='ocrx_word' id='word_1_456' title='bbox 265 3396 390 3454; x_wconf 89' lang='lat' dir='ltr'><strong>ilabitum</strong></span> <span class='ocrx_word' id='word_1_457' title='bbox 405 3404 493 3452; x_wconf 67' lang='lat' dir='ltr'><strong>annm</strong></span> <span class='ocrx_word' id='word_1_458' title='bbox 511 3398 581 3451; x_wconf 85' lang='lat' dir='ltr'><strong>lunate</strong></span> <span class='ocrx_word' id='word_1_459' title='bbox 602 3396 766 3465; x_wconf 87' lang='lat' dir='ltr'><strong>appellamus</strong></span> <span class='ocrx_word' id='word_1_460' title='bbox 781 3395 863 3449; x_wconf 91' lang='lat' dir='ltr'><strong>animi</strong></span> <span class='ocrx_word' id='word_1_461' title='bbox 881 3404 929 3451; x_wconf 90' lang='lat' dir='ltr'><strong>aut</strong></span> <span class='ocrx_word' id='word_1_462' title='bbox 978 3408 1019 3456; x_wconf 75' lang='lat' dir='ltr'><strong>est</strong></span> <span class='ocrx_word' id='word_1_463' title='bbox 1032 3417 1038 3452; x_wconf 75' lang='grc' dir='ltr'>ι</span> <span class='ocrx_word' id='word_1_464' title='bbox 1050 3398 1125 3455; x_wconf 85' lang='lat' dir='ltr'><strong>Sient</strong></span> <span class='ocrx_word' id='word_1_465' title='bbox 1148 3416 1215 3466; x_wconf 79' lang='lat' dir='ltr'><strong>nono</strong></span> <span class='ocrx_word' id='word_1_466' title='bbox 1237 3401 1374 3471; x_wconf 78' lang='lat' dir='ltr'><strong>exstinpnit</strong></span> <span class='ocrx_word' id='word_1_467' title='bbox 1389 3400 1484 3473; x_wconf 77' lang='lat' dir='ltr'><strong>ipuem,</strong></span> <span class='ocrx_word' id='word_1_468' title='bbox 1497 3403 1533 3455; x_wconf 88' lang='lat' dir='ltr'><strong>ito</strong></span> <span class='ocrx_word' id='word_1_469' title='bbox 1553 3403 1713 3474; x_wconf 72' lang='lat' dir='ltr'><strong>eleemosyna</strong></span> <span class='ocrx_word' id='word_1_470' title='bbox 1726 3421 1772 3457; x_wconf 85' lang='lat' dir='ltr'><strong>es·</strong></span> 
     </span>
     <span class='ocr_line' id='line_1_36' title="bbox 130 3487 1769 3565; baseline 0.002 -19"><span class='ocrx_word' id='word_1_471' title='bbox 130 3490 256 3559; x_wconf 84' lang='lat' dir='ltr'><strong>eorporis</strong></span> <span class='ocrx_word' id='word_1_472' title='bbox 267 3496 451 3553; x_wconf 86' lang='lat' dir='ltr'><strong>constantem,</strong></span> <span class='ocrx_word' id='word_1_473' title='bbox 466 3498 494 3543; x_wconf 90' lang='lat' dir='ltr'><strong>et</strong></span> <span class='ocrx_word' id='word_1_474' title='bbox 508 3487 658 3543; x_wconf 83' lang='lat' dir='ltr'><strong>absolutam</strong></span> <span class='ocrx_word' id='word_1_475' title='bbox 671 3487 760 3557; x_wconf 83' lang='lat' dir='ltr'><strong>aliqua</strong></span> <span class='ocrx_word' id='word_1_476' title='bbox 783 3487 811 3541; x_wconf 91' lang='lat' dir='ltr'><strong>io</strong></span> <span class='ocrx_word' id='word_1_477' title='bbox 823 3502 853 3542; x_wconf 90' lang='lat' dir='ltr'><strong>re</strong></span> <span class='ocrx_word' id='word_1_478' title='bbox 867 3500 928 3556; x_wconf 88' lang='lat' dir='ltr'><strong>per·</strong></span> <span class='ocrx_word' id='word_1_479' title='bbox 978 3492 1086 3564; x_wconf 78' lang='lat' dir='ltr'><strong>atiupnit</strong></span> <span class='ocrx_word' id='word_1_480' title='bbox 1106 3498 1238 3563; x_wconf 82' lang='lat' dir='ltr'><strong>peccatum</strong></span> <span class='ocrx_word' id='word_1_481' title='bbox 1254 3490 1349 3562; x_wconf 77' lang='lat' dir='ltr'><strong>(Eccli.</strong></span> <span class='ocrx_word' id='word_1_482' title='bbox 1373 3507 1413 3560; x_wconf 85' lang='lat' dir='ltr'><strong>nt,</strong></span> <span class='ocrx_word' id='word_1_483' title='bbox 1428 3493 1483 3565; x_wconf 73' lang='lat'><strong>33).</strong></span> <span class='ocrx_word' id='word_1_484' title='bbox 1508 3493 1574 3548; x_wconf 87' lang='lat' dir='ltr'><strong>llam</strong></span> <span class='ocrx_word' id='word_1_485' title='bbox 1598 3509 1660 3549; x_wconf 86' lang='lat' dir='ltr'><strong>curm</strong></span> <span class='ocrx_word' id='word_1_486' title='bbox 1684 3495 1769 3549; x_wconf 89' lang='lat' dir='ltr'><strong>dicit:</strong></span> 
     </span>
     <span class='ocr_line' id='line_1_37' title="bbox 131 3580 1770 3657; baseline 0.001 -18"><span class='ocrx_word' id='word_1_487' title='bbox 131 3580 284 3639; x_wconf 63' lang='lat' dir='ltr'><strong>hebionem</strong></span> <span class='ocrx_word' id='word_1_488' title='bbox 980 3583 1088 3652; x_wconf 78' lang='lat' dir='ltr'><strong>Bootes,</strong></span> <span class='ocrx_word' id='word_1_489' title='bbox 1103 3594 1247 3652; x_wconf 83' lang='lat' dir='ltr'><strong>prouectus</strong></span> <span class='ocrx_word' id='word_1_490' title='bbox 1268 3584 1328 3638; x_wconf 79' lang='lat' dir='ltr'><strong>nite</strong></span> <span class='ocrx_word' id='word_1_491' title='bbox 1352 3586 1529 3641; x_wconf 84' lang='lat' dir='ltr'><strong>sanenssimae</strong></span> <span class='ocrx_word' id='word_1_492' title='bbox 1551 3585 1727 3657; x_wconf 70' lang='lat' dir='ltr'><strong>significatur,</strong></span> <span class='ocrx_word' id='word_1_493' title='bbox 1743 3586 1770 3641; x_wconf 91' lang='lat' dir='ltr'><strong>in</strong></span> 
     </span>
    </p>

    <p class='ocr_par' dir='ltr' id='par_1_8' title="bbox 131 3670 1782 5398">
     <span class='ocr_line' id='line_1_38' title="bbox 168 3670 1772 3752; baseline 0.003 -23"><span class='ocrx_word' id='word_1_494' title='bbox 168 3670 249 3729; x_wconf 77' lang='lat' dir='ltr'><strong>ten.</strong></span> <span class='ocrx_word' id='word_1_495' title='bbox 268 3674 296 3728; x_wconf 84' lang='lat'><strong>5.</strong></span> <span class='ocrx_word' id='word_1_496' title='bbox 322 3670 454 3739; x_wconf 71' lang='grc' dir='ltr'>θοιιιτιι,</span> <span class='ocrx_word' id='word_1_497' title='bbox 474 3671 594 3738; x_wconf 73' lang='lat' dir='ltr'><strong>bordne,</strong></span> <span class='ocrx_word' id='word_1_498' title='bbox 618 3671 791 3739; x_wconf 81' lang='lat' dir='ltr'><strong>captiuitatem</strong></span> <span class='ocrx_word' id='word_1_499' title='bbox 804 3679 927 3736; x_wconf 84' lang='lat' dir='ltr'><strong>nostrum,</strong></span> <span class='ocrx_word' id='word_1_500' title='bbox 979 3690 1031 3746; x_wconf 85' lang='lat' dir='ltr'><strong>qua</strong></span> <span class='ocrx_word' id='word_1_501' title='bbox 1046 3675 1114 3731; x_wconf 89' lang='lat' dir='ltr'><strong>bene</strong></span> <span class='ocrx_word' id='word_1_502' title='bbox 1126 3675 1290 3730; x_wconf 86' lang='lat' dir='ltr'><strong>ambulando</strong></span> <span class='ocrx_word' id='word_1_503' title='bbox 1303 3690 1411 3746; x_wconf 89' lang='lat' dir='ltr'><strong>semper</strong></span> <span class='ocrx_word' id='word_1_504' title='bbox 1423 3677 1569 3733; x_wconf 88' lang='lat' dir='ltr'><strong>acceditur.</strong></span> <span class='ocrx_word' id='word_1_505' title='bbox 1583 3675 1693 3733; x_wconf 84' lang='lat' dir='ltr'><strong>Flebant</strong></span> <span class='ocrx_word' id='word_1_506' title='bbox 1706 3694 1772 3752; x_wconf 73' lang='lat' dir='ltr'><strong>erpo</strong></span> 
     </span>
     <span class='ocr_line' id='line_1_39' title="bbox 131 3763 1771 3841; baseline 0.002 -18"><span class='ocrx_word' id='word_1_507' title='bbox 131 3765 612 3823; x_wconf 66' lang='lat' dir='ltr'><strong>dmtomemiuoostro.bdrentos</strong></span> <span class='ocrx_word' id='word_1_508' title='bbox 626 3763 729 3818; x_wconf 76' lang='grc' dir='ltr'>ὓοιιιιιιι</span> <span class='ocrx_word' id='word_1_509' title='bbox 746 3763 929 3832; x_wconf 85' lang='lat' dir='ltr'><strong>redemptione</strong></span> <span class='ocrx_word' id='word_1_510' title='bbox 979 3767 1086 3836; x_wconf 78' lang='lat' dir='ltr'><strong>quando</strong></span> <span class='ocrx_word' id='word_1_511' title='bbox 1111 3781 1241 3836; x_wconf 81' lang='lat' dir='ltr'><strong>pauperes</strong></span> <span class='ocrx_word' id='word_1_512' title='bbox 1270 3768 1475 3838; x_wconf 85' lang='lat' dir='ltr'><strong>conspiciebant</strong></span> <span class='ocrx_word' id='word_1_513' title='bbox 1498 3770 1617 3827; x_wconf 89' lang='lat' dir='ltr'><strong>nuditate</strong></span> <span class='ocrx_word' id='word_1_514' title='bbox 1640 3771 1771 3841; x_wconf 87' lang='lat' dir='ltr'><strong>detectos,</strong></span> 
     </span>
     <span class='ocr_line' id='line_1_40' title="bbox 134 3854 1773 3934; baseline 0.005 -20"><span class='ocrx_word' id='word_1_515' title='bbox 134 3860 290 3931; x_wconf 60' lang='lat' dir='ltr'><strong>medicata,</strong></span> <span class='ocrx_word' id='word_1_516' title='bbox 307 3858 401 3914; x_wconf 83' lang='lat' dir='ltr'><strong>ddeies</strong></span> <span class='ocrx_word' id='word_1_517' title='bbox 419 3858 509 3929; x_wconf 89' lang='lat' dir='ltr'><strong>populi</strong></span> <span class='ocrx_word' id='word_1_518' title='bbox 525 3854 682 3913; x_wconf 82' lang='lat' dir='ltr'><strong>veniuntad</strong></span> <span class='ocrx_word' id='word_1_519' title='bbox 704 3855 848 3911; x_wconf 83' lang='lat' dir='ltr'><strong>secundam</strong></span> <span class='ocrx_word' id='word_1_520' title='bbox 868 3869 929 3925; x_wconf 81' lang='lat' dir='ltr'><strong>par·</strong></span> <span class='ocrx_word' id='word_1_521' title='bbox 980 3856 1079 3928; x_wconf 75' lang='lat' dir='ltr'><strong>frigore</strong></span> <span class='ocrx_word' id='word_1_522' title='bbox 1092 3859 1265 3925; x_wconf 81' lang='lat' dir='ltr'><strong>eorustrictos,</strong></span> <span class='ocrx_word' id='word_1_523' title='bbox 1282 3859 1369 3928; x_wconf 90' lang='lat' dir='ltr'><strong>inopia</strong></span> <span class='ocrx_word' id='word_1_524' title='bbox 1390 3873 1461 3913; x_wconf 81' lang='lat' dir='ltr'><strong>saeta</strong></span> <span class='ocrx_word' id='word_1_525' title='bbox 1476 3872 1640 3928; x_wconf 78' lang='lat' dir='ltr'><strong>maceratos3</strong></span> <span class='ocrx_word' id='word_1_526' title='bbox 1655 3873 1686 3919; x_wconf 93' lang='lat' dir='ltr'><strong>ut</strong></span> <span class='ocrx_word' id='word_1_527' title='bbox 1700 3866 1773 3934; x_wconf 79' lang='lat' dir='ltr'><strong>pritn</strong></span> 
     </span>
     <span class='ocr_line' id='line_1_41' title="bbox 135 3947 1772 4025; baseline 0.001 -14"><span class='ocrx_word' id='word_1_528' title='bbox 135 3961 205 4022; x_wconf 80' lang='lat' dir='ltr'><strong>teat,</strong></span> <span class='ocrx_word' id='word_1_529' title='bbox 223 3953 399 4022; x_wconf 86' lang='lat' dir='ltr'><strong>deprecantes</strong></span> <span class='ocrx_word' id='word_1_530' title='bbox 419 3966 466 4007; x_wconf 86' lang='lat' dir='ltr'><strong>sus</strong></span> <span class='ocrx_word' id='word_1_531' title='bbox 482 3951 577 4008; x_wconf 89' lang='lat' dir='ltr'><strong>iterum</strong></span> <span class='ocrx_word' id='word_1_532' title='bbox 599 3956 707 4015; x_wconf 89' lang='lat' dir='ltr'><strong>peccata</strong></span> <span class='ocrx_word' id='word_1_533' title='bbox 721 3948 829 4003; x_wconf 88' lang='lat' dir='ltr'><strong>dimitti.</strong></span> <span class='ocrx_word' id='word_1_534' title='bbox 856 3947 929 4003; x_wconf 89' lang='lat' dir='ltr'><strong>Seri·</strong></span> <span class='ocrx_word' id='word_1_535' title='bbox 981 3951 1107 4021; x_wconf 87' lang='lat' dir='ltr'><strong>pictatem</strong></span> <span class='ocrx_word' id='word_1_536' title='bbox 1131 3950 1213 4006; x_wconf 91' lang='lat' dir='ltr'><strong>corde</strong></span> <span class='ocrx_word' id='word_1_537' title='bbox 1238 3950 1367 4014; x_wconf 86' lang='lat' dir='ltr'><strong>lacerent,</strong></span> <span class='ocrx_word' id='word_1_538' title='bbox 1388 3962 1531 4022; x_wconf 86' lang='lat' dir='ltr'><strong>antequam</strong></span> <span class='ocrx_word' id='word_1_539' title='bbox 1556 3969 1650 4009; x_wconf 86' lang='lat' dir='ltr'><strong>manns</strong></span> <span class='ocrx_word' id='word_1_540' title='bbox 1672 3955 1772 4025; x_wconf 78' lang='lat' dir='ltr'><strong>aliquid</strong></span> 
     </span>
     <span class='ocr_line' id='line_1_42' title="bbox 134 4041 1771 4118; baseline -0.001 -16"><span class='ocrx_word' id='word_1_541' title='bbox 134 4055 210 4118; x_wconf 55' lang='lat' dir='ltr'><strong>puto</strong></span> <span class='ocrx_word' id='word_1_542' title='bbox 221 4055 264 4102; x_wconf 86' lang='lat' dir='ltr'><strong>est</strong></span> <span class='ocrx_word' id='word_1_543' title='bbox 276 4044 347 4100; x_wconf 83' lang='lat' dir='ltr'><strong>enirn</strong></span> <span class='ocrx_word' id='word_1_544' title='bbox 360 4060 369 4099; x_wconf 77' lang='grc' dir='ltr'><strong>ε</strong></span> <span class='ocrx_word' id='word_1_545' title='bbox 381 4043 473 4098; x_wconf 75' lang='lat' dir='ltr'><strong>duatus</strong></span> <span class='ocrx_word' id='word_1_546' title='bbox 484 4044 510 4097; x_wconf 89' lang='lat' dir='ltr'><strong>iu</strong></span> <span class='ocrx_word' id='word_1_547' title='bbox 522 4041 648 4111; x_wconf 82' lang='lat' dir='ltr'><strong>principio</strong></span> <span class='ocrx_word' id='word_1_548' title='bbox 660 4041 783 4096; x_wconf 75' lang='lat' dir='ltr'><strong>emmonis</strong></span> <span class='ocrx_word' id='word_1_549' title='bbox 796 4051 930 4095; x_wconf 82' lang='lat' dir='ltr'><strong>accurator</strong></span> <span class='ocrx_word' id='word_1_550' title='bbox 980 4043 1053 4113; x_wconf 72' lang='lat' dir='ltr'><strong>targa</strong></span> <span class='ocrx_word' id='word_1_551' title='bbox 1069 4049 1219 4112; x_wconf 74' lang='lat' dir='ltr'><strong>prestaret.</strong></span> <span class='ocrx_word' id='word_1_552' title='bbox 1233 4041 1371 4113; x_wconf 86' lang='lat' dir='ltr'><strong>Sequitur,</strong></span> <span class='ocrx_word' id='word_1_553' title='bbox 1387 4042 1512 4096; x_wconf 83' lang='lat' dir='ltr'><strong>mittentes</strong></span> <span class='ocrx_word' id='word_1_554' title='bbox 1527 4047 1624 4099; x_wconf 85' lang='lat' dir='ltr'><strong>sentino</strong></span> <span class='ocrx_word' id='word_1_555' title='bbox 1634 4062 1692 4101; x_wconf 86' lang='lat' dir='ltr'><strong>sun.</strong></span> <span class='ocrx_word' id='word_1_556' title='bbox 1707 4046 1771 4101; x_wconf 83' lang='lat' dir='ltr'><strong>ilit-</strong></span> 
     </span>
     <span class='ocr_line' id='line_1_43' title="bbox 133 4132 1772 4209; baseline 0.001 -16"><span class='ocrx_word' id='word_1_557' title='bbox 133 4147 172 4209; x_wconf 85' lang='lat' dir='ltr'><strong>¹eat</strong></span> <span class='ocrx_word' id='word_1_558' title='bbox 184 4139 226 4193; x_wconf 83' lang='lat' dir='ltr'><strong>ssi</strong></span> <span class='ocrx_word' id='word_1_559' title='bbox 236 4135 331 4205; x_wconf 81' lang='lat' dir='ltr'><strong>(Pecu.</strong></span> <span class='ocrx_word' id='word_1_560' title='bbox 345 4151 429 4203; x_wconf 82' lang='lat' dir='ltr'><strong>surtr,</strong></span> <span class='ocrx_word' id='word_1_561' title='bbox 442 4137 504 4203; x_wconf 79' lang='lat' dir='ltr'><strong>ti).</strong></span> <span class='ocrx_word' id='word_1_562' title='bbox 520 4136 553 4191; x_wconf 78' lang='lat' dir='ltr'><strong>bt</strong></span> <span class='ocrx_word' id='word_1_563' title='bbox 568 4149 676 4190; x_wconf 87' lang='lat' dir='ltr'><strong>rursum</strong></span> <span class='ocrx_word' id='word_1_564' title='bbox 692 4152 700 4190; x_wconf 91' lang='lat'><strong>:</strong></span> <span class='ocrx_word' id='word_1_565' title='bbox 716 4132 763 4188; x_wconf 77' lang='lat' dir='ltr'><strong>liic</strong></span> <span class='ocrx_word' id='word_1_566' title='bbox 777 4144 806 4188; x_wconf 89' lang='lat' dir='ltr'><strong>tu</strong></span> <span class='ocrx_word' id='word_1_567' title='bbox 818 4135 929 4205; x_wconf 73' lang='lat' dir='ltr'><strong>primm</strong></span> <span class='ocrx_word' id='word_1_568' title='bbox 981 4141 1069 4198; x_wconf 87' lang='lat' dir='ltr'><strong>tenter,</strong></span> <span class='ocrx_word' id='word_1_569' title='bbox 1086 4133 1112 4188; x_wconf 92' lang='lat' dir='ltr'><strong>in</strong></span> <span class='ocrx_word' id='word_1_570' title='bbox 1133 4132 1177 4188; x_wconf 89' lang='lat' dir='ltr'><strong>illo</strong></span> <span class='ocrx_word' id='word_1_571' title='bbox 1201 4133 1301 4190; x_wconf 75' lang='lat' dir='ltr'><strong>secutio</strong></span> <span class='ocrx_word' id='word_1_572' title='bbox 1325 4135 1531 4205; x_wconf 77' lang='lat' dir='ltr'><strong>praemittentes,</strong></span> <span class='ocrx_word' id='word_1_573' title='bbox 1547 4135 1592 4190; x_wconf 92' lang='lat' dir='ltr'><strong>ubi</strong></span> <span class='ocrx_word' id='word_1_574' title='bbox 1616 4147 1680 4193; x_wconf 89' lang='lat' dir='ltr'><strong>ante</strong></span> <span class='ocrx_word' id='word_1_575' title='bbox 1704 4139 1772 4194; x_wconf 87' lang='lat' dir='ltr'><strong>lacta</strong></span> 
     </span>
     <span class='ocr_line' id='line_1_44' title="bbox 134 4223 1774 4300; baseline 0.001 -16"><span class='ocrx_word' id='word_1_576' title='bbox 134 4229 281 4300; x_wconf 56' lang='lat' dir='ltr'><strong>&amp;nabatea</strong></span> <span class='ocrx_word' id='word_1_577' title='bbox 295 4238 369 4294; x_wconf 82' lang='lat' dir='ltr'><strong>tuos,</strong></span> <span class='ocrx_word' id='word_1_578' title='bbox 384 4237 412 4281; x_wconf 85' lang='lat' dir='ltr'><strong>ut</strong></span> <span class='ocrx_word' id='word_1_579' title='bbox 421 4223 648 4299; x_wconf 69' lang='lat' dir='ltr'><strong>justificerisllsn.</strong></span> <span class='ocrx_word' id='word_1_580' title='bbox 666 4240 742 4295; x_wconf 85' lang='lat' dir='ltr'><strong>ruiti,</strong></span> <span class='ocrx_word' id='word_1_581' title='bbox 761 4225 820 4295; x_wconf 80' lang='lat' dir='ltr'><strong>td).</strong></span> <span class='ocrx_word' id='word_1_582' title='bbox 836 4225 929 4281; x_wconf 86' lang='lat' dir='ltr'><strong>llerito</strong></span> <span class='ocrx_word' id='word_1_583' title='bbox 981 4236 1071 4281; x_wconf 89' lang='lat' dir='ltr'><strong>nostra</strong></span> <span class='ocrx_word' id='word_1_584' title='bbox 1087 4225 1257 4295; x_wconf 76' lang='lat' dir='ltr'><strong>perveniunt,</strong></span> <span class='ocrx_word' id='word_1_585' title='bbox 1269 4241 1348 4295; x_wconf 88' lang='lat' dir='ltr'><strong>quant</strong></span> <span class='ocrx_word' id='word_1_586' title='bbox 1361 4240 1409 4279; x_wconf 88' lang='lat' dir='ltr'><strong>uos</strong></span> <span class='ocrx_word' id='word_1_587' title='bbox 1421 4224 1485 4280; x_wconf 89' lang='lat' dir='ltr'><strong>iiiuc</strong></span> <span class='ocrx_word' id='word_1_588' title='bbox 1500 4225 1538 4281; x_wconf 91' lang='lat' dir='ltr'><strong>ire</strong></span> <span class='ocrx_word' id='word_1_589' title='bbox 1551 4224 1774 4295; x_wconf 86' lang='lat' dir='ltr'><strong>possimus,sieut</strong></span> 
     </span>
     <span class='ocr_line' id='line_1_45' title="bbox 134 4314 1775 4392; baseline -0.001 -17"><span class='ocrx_word' id='word_1_590' title='bbox 134 4335 202 4392; x_wconf 68' lang='lat' dir='ltr'><strong>erpo</strong></span> <span class='ocrx_word' id='word_1_591' title='bbox 222 4319 296 4375; x_wconf 89' lang='lat' dir='ltr'><strong>etin</strong></span> <span class='ocrx_word' id='word_1_592' title='bbox 314 4317 432 4389; x_wconf 72' lang='lat' dir='ltr'><strong>generali</strong></span> <span class='ocrx_word' id='word_1_593' title='bbox 456 4318 616 4373; x_wconf 87' lang='lat' dir='ltr'><strong>remissione</strong></span> <span class='ocrx_word' id='word_1_594' title='bbox 634 4317 718 4385; x_wconf 77' lang='lat' dir='ltr'><strong>parisi</strong></span> <span class='ocrx_word' id='word_1_595' title='bbox 736 4325 816 4380; x_wconf 88' lang='lat' dir='ltr'><strong>suut,</strong></span> <span class='ocrx_word' id='word_1_596' title='bbox 832 4324 859 4370; x_wconf 90' lang='lat' dir='ltr'><strong>et</strong></span> <span class='ocrx_word' id='word_1_597' title='bbox 879 4314 929 4370; x_wconf 91' lang='lat' dir='ltr'><strong>sibi</strong></span> <span class='ocrx_word' id='word_1_598' title='bbox 981 4319 1108 4387; x_wconf 89' lang='lat' dir='ltr'><strong>scriptum</strong></span> <span class='ocrx_word' id='word_1_599' title='bbox 1128 4327 1169 4373; x_wconf 88' lang='lat' dir='ltr'><strong>est</strong></span> <span class='ocrx_word' id='word_1_600' title='bbox 1186 4335 1194 4371; x_wconf 80' lang='lat' dir='ltr'><strong><em>z</em></strong></span> <span class='ocrx_word' id='word_1_601' title='bbox 1214 4317 1395 4374; x_wconf 81' lang='lat' dir='ltr'><strong>Tbeaomisote</strong></span> <span class='ocrx_word' id='word_1_602' title='bbox 1413 4327 1496 4371; x_wconf 86' lang='lat' dir='ltr'><strong>nutem</strong></span> <span class='ocrx_word' id='word_1_603' title='bbox 1514 4318 1582 4372; x_wconf 85' lang='lat' dir='ltr'><strong>uobis</strong></span> <span class='ocrx_word' id='word_1_604' title='bbox 1597 4318 1716 4383; x_wconf 78' lang='lat' dir='ltr'><strong>iaromir,</strong></span> <span class='ocrx_word' id='word_1_605' title='bbox 1731 4320 1775 4375; x_wconf 82' lang='lat' dir='ltr'><strong>ubi</strong></span> 
     </span>
     <span class='ocr_line' id='line_1_46' title="bbox 134 4407 1775 4481; baseline -0.001 -13"><span class='ocrx_word' id='word_1_606' title='bbox 134 4412 240 4469; x_wconf 77' lang='lat' dir='ltr'><strong>mian</strong></span> <span class='ocrx_word' id='word_1_607' title='bbox 255 4420 397 4479; x_wconf 90' lang='lat' dir='ltr'><strong>precantur</strong></span> <span class='ocrx_word' id='word_1_608' title='bbox 415 4410 535 4463; x_wconf 90' lang='lat' dir='ltr'><strong>attribui.</strong></span> <span class='ocrx_word' id='word_1_609' title='bbox 552 4408 679 4478; x_wconf 83' lang='lat' dir='ltr'><strong>Sequitur</strong></span> <span class='ocrx_word' id='word_1_610' title='bbox 699 4407 797 4463; x_wconf 87' lang='lat' dir='ltr'><strong>decora</strong></span> <span class='ocrx_word' id='word_1_611' title='bbox 820 4421 931 4477; x_wconf 87' lang='lat' dir='ltr'><strong>compa·</strong></span> <span class='ocrx_word' id='word_1_612' title='bbox 982 4423 1063 4477; x_wconf 78' lang='lat' dir='ltr'><strong>neque</strong></span> <span class='ocrx_word' id='word_1_613' title='bbox 1081 4424 1179 4478; x_wconf 77' lang='lat' dir='ltr'><strong>teruqo,</strong></span> <span class='ocrx_word' id='word_1_614' title='bbox 1201 4425 1282 4481; x_wconf 81' lang='lat' dir='ltr'><strong>neque</strong></span> <span class='ocrx_word' id='word_1_615' title='bbox 1305 4410 1372 4463; x_wconf 88' lang='lat' dir='ltr'><strong>tiuco</strong></span> <span class='ocrx_word' id='word_1_616' title='bbox 1395 4407 1580 4472; x_wconf 85' lang='lat' dir='ltr'><strong>demoliantur,</strong></span> <span class='ocrx_word' id='word_1_617' title='bbox 1603 4425 1684 4477; x_wconf 83' lang='lat' dir='ltr'><strong>neque</strong></span> <span class='ocrx_word' id='word_1_618' title='bbox 1705 4413 1775 4479; x_wconf 76' lang='lat' dir='ltr'><strong>{ures</strong></span> 
     </span>
     <span class='ocr_line' id='line_1_47' title="bbox 136 4482 1775 4572; baseline -0.001 -15"><span class='ocrx_word' id='word_1_619' title='bbox 136 4503 215 4567; x_wconf 83' lang='lat' dir='ltr'><strong>ratio,</strong></span> <span class='ocrx_word' id='word_1_620' title='bbox 236 4499 310 4557; x_wconf 83' lang='lat' dir='ltr'><strong>Sient</strong></span> <span class='ocrx_word' id='word_1_621' title='bbox 324 4510 424 4553; x_wconf 83' lang='lat' dir='ltr'><strong>torrens</strong></span> <span class='ocrx_word' id='word_1_622' title='bbox 438 4500 466 4552; x_wconf 89' lang='lat' dir='ltr'><strong>in</strong></span> <span class='ocrx_word' id='word_1_623' title='bbox 489 4508 589 4554; x_wconf 84' lang='lat' dir='ltr'><strong>oiistro.</strong></span> <span class='ocrx_word' id='word_1_624' title='bbox 610 4499 703 4553; x_wconf 79' lang='lat' dir='ltr'><strong>Arester</strong></span> <span class='ocrx_word' id='word_1_625' title='bbox 716 4508 812 4552; x_wconf 79' lang='lat' dir='ltr'><strong>uentus</strong></span> <span class='ocrx_word' id='word_1_626' title='bbox 830 4505 872 4553; x_wconf 90' lang='lat' dir='ltr'><strong>est</strong></span> <span class='ocrx_word' id='word_1_627' title='bbox 885 4511 930 4552; x_wconf 83' lang='lat' dir='ltr'><strong>ca·</strong></span> <span class='ocrx_word' id='word_1_628' title='bbox 945 4498 1107 4568; x_wconf 71' lang='lat' dir='ltr'><strong>Depereant</strong></span> <span class='ocrx_word' id='word_1_629' title='bbox 1122 4511 1146 4554; x_wconf 86' lang='lat' dir='ltr'><strong>et</strong></span> <span class='ocrx_word' id='word_1_630' title='bbox 1162 4498 1284 4570; x_wconf 68' lang='lat' dir='ltr'><strong>[arcuatur</strong></span> <span class='ocrx_word' id='word_1_631' title='bbox 1301 4499 1406 4572; x_wconf 75' lang='lat' dir='ltr'><strong>(llottlr.</strong></span> <span class='ocrx_word' id='word_1_632' title='bbox 1424 4514 1459 4565; x_wconf 89' lang='lat' dir='ltr'><strong>n,</strong></span> <span class='ocrx_word' id='word_1_633' title='bbox 1474 4498 1534 4568; x_wconf 74' lang='lat'><strong>20).</strong></span> <span class='ocrx_word' id='word_1_634' title='bbox 1545 4498 1601 4555; x_wconf 84' lang='lat' dir='ltr'><strong>Nee</strong></span> <span class='ocrx_word' id='word_1_635' title='bbox 1613 4482 1691 4557; x_wconf 68' lang='lat' dir='ltr'><strong>uacat</strong></span> <span class='ocrx_word' id='word_1_636' title='bbox 1704 4502 1775 4571; x_wconf 77' lang='lat' dir='ltr'><strong>urion</strong></span> 
     </span>
     <span class='ocr_line' id='line_1_48' title="bbox 137 4590 1777 4664; baseline -0.001 -14"><span class='ocrx_word' id='word_1_637' title='bbox 137 4594 225 4659; x_wconf 85' lang='lat' dir='ltr'><strong>lidus.</strong></span> <span class='ocrx_word' id='word_1_638' title='bbox 246 4593 293 4664; x_wconf 80' lang='lat' dir='ltr'><strong>qui</strong></span> <span class='ocrx_word' id='word_1_639' title='bbox 312 4592 412 4663; x_wconf 83' lang='lat' dir='ltr'><strong>irigore</strong></span> <span class='ocrx_word' id='word_1_640' title='bbox 434 4592 531 4663; x_wconf 76' lang='lat' dir='ltr'><strong>ligatas</strong></span> <span class='ocrx_word' id='word_1_641' title='bbox 545 4605 629 4662; x_wconf 82' lang='lat' dir='ltr'><strong>aquas</strong></span> <span class='ocrx_word' id='word_1_642' title='bbox 642 4590 749 4659; x_wconf 83' lang='lat' dir='ltr'><strong>vaporis</strong></span> <span class='ocrx_word' id='word_1_643' title='bbox 773 4591 814 4645; x_wconf 87' lang='lat' dir='ltr'><strong>sui</strong></span> <span class='ocrx_word' id='word_1_644' title='bbox 833 4594 930 4647; x_wconf 83' lang='lat' dir='ltr'><strong>virtute</strong></span> <span class='ocrx_word' id='word_1_645' title='bbox 984 4591 1086 4647; x_wconf 89' lang='lat' dir='ltr'><strong>nddidit</strong></span> <span class='ocrx_word' id='word_1_646' title='bbox 1098 4608 1155 4659; x_wconf 85' lang='lat' dir='ltr'><strong>sno,</strong></span> <span class='ocrx_word' id='word_1_647' title='bbox 1171 4601 1200 4647; x_wconf 90' lang='lat' dir='ltr'><strong>ut</strong></span> <span class='ocrx_word' id='word_1_648' title='bbox 1215 4591 1249 4648; x_wconf 91' lang='lat' dir='ltr'><strong>de</strong></span> <span class='ocrx_word' id='word_1_649' title='bbox 1264 4593 1379 4664; x_wconf 89' lang='lat' dir='ltr'><strong>propriis</strong></span> <span class='ocrx_word' id='word_1_650' title='bbox 1395 4591 1541 4658; x_wconf 83' lang='lat' dir='ltr'><strong>laboribus,</strong></span> <span class='ocrx_word' id='word_1_651' title='bbox 1557 4593 1660 4647; x_wconf 89' lang='lat' dir='ltr'><strong>nonde</strong></span> <span class='ocrx_word' id='word_1_652' title='bbox 1675 4593 1777 4664; x_wconf 90' lang='lat' dir='ltr'><strong>rapinis</strong></span> 
     </span>
     <span class='ocr_line' id='line_1_49' title="bbox 137 4678 1777 4756; baseline 0.001 -17"><span class='ocrx_word' id='word_1_653' title='bbox 137 4683 278 4747; x_wconf 82' lang='lat' dir='ltr'><strong>dissoluit,</strong></span> <span class='ocrx_word' id='word_1_654' title='bbox 298 4692 325 4736; x_wconf 89' lang='lat' dir='ltr'><strong>ct</strong></span> <span class='ocrx_word' id='word_1_655' title='bbox 340 4687 487 4736; x_wconf 65' lang='lat' dir='ltr'><strong>torrentem</strong></span> <span class='ocrx_word' id='word_1_656' title='bbox 508 4680 572 4735; x_wconf 69' lang='lat' dir='ltr'><strong>facil</strong></span> <span class='ocrx_word' id='word_1_657' title='bbox 592 4694 701 4735; x_wconf 67' lang='lat' dir='ltr'><strong>currere</strong></span> <span class='ocrx_word' id='word_1_658' title='bbox 722 4679 758 4734; x_wconf 71' lang='lat' dir='ltr'><strong>de</strong></span> <span class='ocrx_word' id='word_1_659' title='bbox 776 4692 831 4733; x_wconf 67' lang='lat' dir='ltr'><strong>⁸¹¹ae</strong></span> <span class='ocrx_word' id='word_1_660' title='bbox 855 4678 930 4732; x_wconf 66' lang='lat' dir='ltr'><strong>tilia·</strong></span> <span class='ocrx_word' id='word_1_661' title='bbox 985 4683 1171 4756; x_wconf 76' lang='lat' dir='ltr'><strong>eleemosynas</strong></span> <span class='ocrx_word' id='word_1_662' title='bbox 1183 4684 1272 4741; x_wconf 88' lang='lat' dir='ltr'><strong>iacere</strong></span> <span class='ocrx_word' id='word_1_663' title='bbox 1285 4684 1441 4739; x_wconf 88' lang='lat' dir='ltr'><strong>debeamus.</strong></span> <span class='ocrx_word' id='word_1_664' title='bbox 1456 4684 1636 4740; x_wconf 83' lang='lat' dir='ltr'><strong>blisericordia</strong></span> <span class='ocrx_word' id='word_1_665' title='bbox 1649 4689 1720 4743; x_wconf 91' lang='lat' dir='ltr'><strong>enim</strong></span> <span class='ocrx_word' id='word_1_666' title='bbox 1733 4688 1777 4742; x_wconf 90' lang='lat' dir='ltr'><strong>iiia</strong></span> 
     </span>
     <span class='ocr_line' id='line_1_50' title="bbox 138 4769 1778 4843; baseline -0.001 -13"><span class='ocrx_word' id='word_1_667' title='bbox 138 4773 220 4830; x_wconf 66' lang='lat' dir='ltr'><strong>inuris</strong></span> <span class='ocrx_word' id='word_1_668' title='bbox 234 4773 348 4838; x_wconf 85' lang='lat' dir='ltr'><strong>ardore;</strong></span> <span class='ocrx_word' id='word_1_669' title='bbox 362 4772 401 4826; x_wconf 86' lang='lat' dir='ltr'><strong>sic</strong></span> <span class='ocrx_word' id='word_1_670' title='bbox 414 4786 479 4838; x_wconf 76' lang='lat' dir='ltr'><strong>erpo</strong></span> <span class='ocrx_word' id='word_1_671' title='bbox 489 4770 585 4826; x_wconf 89' lang='lat' dir='ltr'><strong>delicta</strong></span> <span class='ocrx_word' id='word_1_672' title='bbox 597 4770 692 4825; x_wconf 91' lang='lat' dir='ltr'><strong>mortis</strong></span> <span class='ocrx_word' id='word_1_673' title='bbox 703 4770 764 4840; x_wconf 77' lang='lat' dir='ltr'><strong>geio</strong></span> <span class='ocrx_word' id='word_1_674' title='bbox 774 4769 931 4836; x_wconf 89' lang='lat' dir='ltr'><strong>constricta,</strong></span> <span class='ocrx_word' id='word_1_675' title='bbox 983 4782 1035 4838; x_wconf 84' lang='lat' dir='ltr'><strong>est,</strong></span> <span class='ocrx_word' id='word_1_676' title='bbox 1051 4773 1085 4827; x_wconf 92' lang='lat' dir='ltr'><strong>de</strong></span> <span class='ocrx_word' id='word_1_677' title='bbox 1099 4788 1149 4842; x_wconf 83' lang='lat' dir='ltr'><strong>qiua</strong></span> <span class='ocrx_word' id='word_1_678' title='bbox 1163 4773 1232 4829; x_wconf 89' lang='lat' dir='ltr'><strong>alter</strong></span> <span class='ocrx_word' id='word_1_679' title='bbox 1246 4788 1299 4827; x_wconf 85' lang='lat' dir='ltr'><strong>nour</strong></span> <span class='ocrx_word' id='word_1_680' title='bbox 1313 4775 1405 4843; x_wconf 76' lang='lat' dir='ltr'><strong>gemit,</strong></span> <span class='ocrx_word' id='word_1_681' title='bbox 1420 4772 1454 4829; x_wconf 90' lang='lat' dir='ltr'><strong>de</strong></span> <span class='ocrx_word' id='word_1_682' title='bbox 1469 4789 1519 4843; x_wconf 82' lang='lat' dir='ltr'><strong>uua</strong></span> <span class='ocrx_word' id='word_1_683' title='bbox 1536 4775 1624 4828; x_wconf 82' lang='lat' dir='ltr'><strong>utullus</strong></span> <span class='ocrx_word' id='word_1_684' title='bbox 1636 4777 1778 4831; x_wconf 91' lang='lat' dir='ltr'><strong>contrista·</strong></span> 
     </span>
     <span class='ocr_line' id='line_1_51' title="bbox 138 4860 1777 4940; baseline -0.002 -17"><span class='ocrx_word' id='word_1_685' title='bbox 138 4867 200 4938; x_wconf 73' lang='lat' dir='ltr'><strong>aula</strong></span> <span class='ocrx_word' id='word_1_686' title='bbox 211 4865 277 4940; x_wconf 69' lang='lat' dir='ltr'><strong>led„</strong></span> <span class='ocrx_word' id='word_1_687' title='bbox 291 4861 363 4935; x_wconf 83' lang='lat' dir='ltr'><strong>qoae]</strong></span> <span class='ocrx_word' id='word_1_688' title='bbox 373 4864 400 4919; x_wconf 90' lang='lat' dir='ltr'><strong>in</strong></span> <span class='ocrx_word' id='word_1_689' title='bbox 415 4878 508 4919; x_wconf 86' lang='lat' dir='ltr'><strong>senon</strong></span> <span class='ocrx_word' id='word_1_690' title='bbox 521 4863 619 4919; x_wconf 89' lang='lat' dir='ltr'><strong>babent</strong></span> <span class='ocrx_word' id='word_1_691' title='bbox 633 4860 735 4927; x_wconf 82' lang='lat' dir='ltr'><strong>vitam,</strong></span> <span class='ocrx_word' id='word_1_692' title='bbox 751 4862 868 4916; x_wconf 88' lang='lat' dir='ltr'><strong>coelestis</strong></span> <span class='ocrx_word' id='word_1_693' title='bbox 881 4863 932 4916; x_wconf 90' lang='lat' dir='ltr'><strong>mi·</strong></span> <span class='ocrx_word' id='word_1_694' title='bbox 985 4873 1028 4919; x_wconf 92' lang='lat' dir='ltr'><strong>tus</strong></span> <span class='ocrx_word' id='word_1_695' title='bbox 1037 4862 1171 4928; x_wconf 77' lang='lat' dir='ltr'><strong>abscedit3</strong></span> <span class='ocrx_word' id='word_1_696' title='bbox 1183 4864 1243 4934; x_wconf 83' lang='lat' dir='ltr'><strong>quiin</strong></span> <span class='ocrx_word' id='word_1_697' title='bbox 1254 4864 1319 4918; x_wconf 90' lang='lat' dir='ltr'><strong>iliud</strong></span> <span class='ocrx_word' id='word_1_698' title='bbox 1331 4863 1496 4918; x_wconf 80' lang='lat' dir='ltr'><strong>oller-endum</strong></span> <span class='ocrx_word' id='word_1_699' title='bbox 1508 4865 1777 4935; x_wconf 81' lang='lat' dir='ltr'><strong>estmajestati,uurod</strong></span> 
     </span>
     <span class='ocr_line' id='line_1_52' title="bbox 139 4953 1778 5025; baseline -0.004 -10"><span class='ocrx_word' id='word_1_700' title='bbox 139 4955 296 5021; x_wconf 80' lang='lat' dir='ltr'><strong>tericordne</strong></span> <span class='ocrx_word' id='word_1_701' title='bbox 307 4956 396 5010; x_wconf 86' lang='lat' dir='ltr'><strong>calore</strong></span> <span class='ocrx_word' id='word_1_702' title='bbox 406 4955 557 5018; x_wconf 81' lang='lat' dir='ltr'><strong>solvuntur,</strong></span> <span class='ocrx_word' id='word_1_703' title='bbox 569 4963 597 5007; x_wconf 92' lang='lat' dir='ltr'><strong>ot</strong></span> <span class='ocrx_word' id='word_1_704' title='bbox 607 4953 682 5008; x_wconf 88' lang='lat' dir='ltr'><strong>reiut</strong></span> <span class='ocrx_word' id='word_1_705' title='bbox 692 4953 814 5008; x_wconf 87' lang='lat' dir='ltr'><strong>ttrrbidns</strong></span> <span class='ocrx_word' id='word_1_706' title='bbox 827 4962 934 5007; x_wconf 85' lang='lat' dir='ltr'><strong>torrent</strong></span> <span class='ocrx_word' id='word_1_707' title='bbox 985 4964 1073 5025; x_wconf 87' lang='lat' dir='ltr'><strong>potest</strong></span> <span class='ocrx_word' id='word_1_708' title='bbox 1085 4955 1135 5009; x_wconf 94' lang='lat' dir='ltr'><strong>snb</strong></span> <span class='ocrx_word' id='word_1_709' title='bbox 1147 4955 1248 5024; x_wconf 85' lang='lat' dir='ltr'><strong>pietate</strong></span> <span class='ocrx_word' id='word_1_710' title='bbox 1261 4954 1395 5023; x_wconf 81' lang='lat' dir='ltr'><strong>connitiri.</strong></span> <span class='ocrx_word' id='word_1_711' title='bbox 1406 4955 1474 5008; x_wconf 83' lang='lat' dir='ltr'><strong>llam</strong></span> <span class='ocrx_word' id='word_1_712' title='bbox 1489 4969 1550 5009; x_wconf 89' lang='lat' dir='ltr'><strong>cum</strong></span> <span class='ocrx_word' id='word_1_713' title='bbox 1566 4955 1637 5008; x_wconf 87' lang='lat' dir='ltr'><strong>dicat</strong></span> <span class='ocrx_word' id='word_1_714' title='bbox 1651 4956 1778 5012; x_wconf 85' lang='lat' dir='ltr'><strong>ituminns</strong></span> 
     </span>
     <span class='ocr_line' id='line_1_53' title="bbox 140 5044 1780 5117; baseline -0.006 -6"><span class='ocrx_word' id='word_1_715' title='bbox 140 5056 190 5111; x_wconf 85' lang='lat' dir='ltr'><strong>sab</strong></span> <span class='ocrx_word' id='word_1_716' title='bbox 209 5051 350 5110; x_wconf 86' lang='lat' dir='ltr'><strong>eeleritate</strong></span> <span class='ocrx_word' id='word_1_717' title='bbox 368 5049 520 5106; x_wconf 88' lang='lat' dir='ltr'><strong>discedunt.</strong></span> <span class='ocrx_word' id='word_1_718' title='bbox 539 5048 592 5107; x_wconf 85' lang='lat' dir='ltr'><strong>Sed</strong></span> <span class='ocrx_word' id='word_1_719' title='bbox 608 5056 638 5104; x_wconf 93' lang='lat' dir='ltr'><strong>nt</strong></span> <span class='ocrx_word' id='word_1_720' title='bbox 652 5049 731 5105; x_wconf 90' lang='lat' dir='ltr'><strong>nobis</strong></span> <span class='ocrx_word' id='word_1_721' title='bbox 743 5062 838 5104; x_wconf 88' lang='lat' dir='ltr'><strong>sentus</strong></span> <span class='ocrx_word' id='word_1_722' title='bbox 851 5049 935 5113; x_wconf 88' lang='lat' dir='ltr'><strong>possit</strong></span> <span class='ocrx_word' id='word_1_723' title='bbox 986 5048 1036 5102; x_wconf 90' lang='lat' dir='ltr'><strong>sibi</strong></span> <span class='ocrx_word' id='word_1_724' title='bbox 1049 5047 1119 5113; x_wconf 90' lang='lat' dir='ltr'><strong>dari,</strong></span> <span class='ocrx_word' id='word_1_725' title='bbox 1133 5045 1273 5101; x_wconf 88' lang='lat' dir='ltr'><strong>considera</strong></span> <span class='ocrx_word' id='word_1_726' title='bbox 1289 5045 1313 5100; x_wconf 83' lang='lat' dir='ltr'><strong>si</strong></span> <span class='ocrx_word' id='word_1_727' title='bbox 1328 5046 1366 5100; x_wconf 93' lang='lat' dir='ltr'><strong>iili</strong></span> <span class='ocrx_word' id='word_1_728' title='bbox 1384 5044 1483 5116; x_wconf 81' lang='lat' dir='ltr'><strong>aliquid</strong></span> <span class='ocrx_word' id='word_1_729' title='bbox 1499 5046 1533 5101; x_wconf 91' lang='lat' dir='ltr'><strong>de</strong></span> <span class='ocrx_word' id='word_1_730' title='bbox 1553 5048 1683 5117; x_wconf 81' lang='lat' dir='ltr'><strong>pravitate</strong></span> <span class='ocrx_word' id='word_1_731' title='bbox 1697 5049 1780 5116; x_wconf 74' lang='lat' dir='ltr'><strong>posit</strong></span> 
     </span>
     <span class='ocr_line' id='line_1_54' title="bbox 140 5137 1778 5214; baseline -0.007 -11"><span class='ocrx_word' id='word_1_732' title='bbox 140 5153 266 5203; x_wconf 72' lang='lat' dir='ltr'><strong>censure</strong></span> <span class='ocrx_word' id='word_1_733' title='bbox 286 5140 438 5214; x_wconf 85' lang='lat' dir='ltr'><strong>plenitudo,</strong></span> <span class='ocrx_word' id='word_1_734' title='bbox 462 5139 687 5210; x_wconf 89' lang='lat' dir='ltr'><strong>pronuntiandum</strong></span> <span class='ocrx_word' id='word_1_735' title='bbox 706 5148 749 5194; x_wconf 91' lang='lat' dir='ltr'><strong>est</strong></span> <span class='ocrx_word' id='word_1_736' title='bbox 769 5155 778 5194; x_wconf 75' lang='grc' dir='ltr'>ι</span> <span class='ocrx_word' id='word_1_737' title='bbox 798 5137 934 5205; x_wconf 79' lang='lat' dir='ltr'><strong>Converte,</strong></span> <span class='ocrx_word' id='word_1_738' title='bbox 985 5139 1088 5194; x_wconf 77' lang='lat' dir='ltr'><strong>offerri.</strong></span> <span class='ocrx_word' id='word_1_739' title='bbox 1113 5137 1232 5206; x_wconf 80' lang='lat' dir='ltr'><strong>Addidit,</strong></span> <span class='ocrx_word' id='word_1_740' title='bbox 1252 5137 1386 5194; x_wconf 82' lang='lat' dir='ltr'><strong>Vertientes</strong></span> <span class='ocrx_word' id='word_1_741' title='bbox 1401 5147 1487 5192; x_wconf 88' lang='lat' dir='ltr'><strong>nutem</strong></span> <span class='ocrx_word' id='word_1_742' title='bbox 1501 5139 1598 5192; x_wconf 84' lang='lat' dir='ltr'><strong>uenient</strong></span> <span class='ocrx_word' id='word_1_743' title='bbox 1620 5138 1647 5193; x_wconf 89' lang='lat' dir='ltr'><strong>in</strong></span> <span class='ocrx_word' id='word_1_744' title='bbox 1666 5140 1778 5193; x_wconf 75' lang='lat' dir='ltr'><strong>exsulto·</strong></span> 
     </span>
     <span class='ocr_line' id='line_1_55' title="bbox 141 5230 1780 5305; baseline -0.007 -10"><span class='ocrx_word' id='word_1_745' title='bbox 141 5236 267 5304; x_wconf 73' lang='lat' dir='ltr'><strong>moene.</strong></span> <span class='ocrx_word' id='word_1_746' title='bbox 278 5238 451 5305; x_wconf 77' lang='lat' dir='ltr'><strong>captiuitatem</strong></span> <span class='ocrx_word' id='word_1_747' title='bbox 462 5245 594 5300; x_wconf 82' lang='lat' dir='ltr'><strong>nostrum,</strong></span> <span class='ocrx_word' id='word_1_748' title='bbox 610 5233 676 5288; x_wconf 85' lang='lat' dir='ltr'><strong>sicot</strong></span> <span class='ocrx_word' id='word_1_749' title='bbox 691 5242 791 5288; x_wconf 83' lang='lat' dir='ltr'><strong>torrens</strong></span> <span class='ocrx_word' id='word_1_750' title='bbox 802 5234 829 5286; x_wconf 87' lang='lat' dir='ltr'><strong>in</strong></span> <span class='ocrx_word' id='word_1_751' title='bbox 850 5242 936 5287; x_wconf 80' lang='lat' dir='ltr'><strong>onstm</strong></span> <span class='ocrx_word' id='word_1_752' title='bbox 987 5232 1065 5295; x_wconf 88' lang='lat' dir='ltr'><strong>tione,</strong></span> <span class='ocrx_word' id='word_1_753' title='bbox 1077 5239 1212 5298; x_wconf 83' lang='lat' dir='ltr'><strong>portantes</strong></span> <span class='ocrx_word' id='word_1_754' title='bbox 1224 5230 1371 5298; x_wconf 79' lang='lat' dir='ltr'><strong>manipulos</strong></span> <span class='ocrx_word' id='word_1_755' title='bbox 1383 5246 1452 5285; x_wconf 85' lang='lat' dir='ltr'><strong>anos.</strong></span> <span class='ocrx_word' id='word_1_756' title='bbox 1471 5230 1615 5296; x_wconf 79' lang='lat' dir='ltr'><strong>Venientes,</strong></span> <span class='ocrx_word' id='word_1_757' title='bbox 1628 5231 1664 5284; x_wconf 92' lang='lat' dir='ltr'><strong>ilii</strong></span> <span class='ocrx_word' id='word_1_758' title='bbox 1677 5231 1780 5285; x_wconf 75' lang='lat' dir='ltr'><strong>ueniriut</strong></span> 
     </span>
     <span class='ocr_line' id='line_1_56' title="bbox 141 5320 1782 5398; baseline -0.007 -10"><span class='ocrx_word' id='word_1_759' title='bbox 141 5331 306 5390; x_wconf 73' lang='lat' dir='ltr'><strong>enormiter</strong></span> <span class='ocrx_word' id='word_1_760' title='bbox 320 5332 346 5385; x_wconf 91' lang='lat' dir='ltr'><strong>in</strong></span> <span class='ocrx_word' id='word_1_761' title='bbox 365 5330 509 5398; x_wconf 82' lang='lat' dir='ltr'><strong>liquorem.</strong></span> <span class='ocrx_word' id='word_1_762' title='bbox 987 5320 1209 5384; x_wconf 68' lang='lat' dir='ltr'><strong>incursitatione,</strong></span> <span class='ocrx_word' id='word_1_763' title='bbox 1224 5320 1320 5389; x_wconf 78' lang='lat' dir='ltr'><strong>utribus</strong></span> <span class='ocrx_word' id='word_1_764' title='bbox 1332 5321 1388 5391; x_wconf 82' lang='lat' dir='ltr'><strong>jam</strong></span> <span class='ocrx_word' id='word_1_765' title='bbox 1404 5321 1587 5376; x_wconf 86' lang='lat' dir='ltr'><strong>misericordia</strong></span> <span class='ocrx_word' id='word_1_766' title='bbox 1610 5320 1698 5375; x_wconf 83' lang='lat' dir='ltr'><strong>diviua</strong></span> <span class='ocrx_word' id='word_1_767' title='bbox 1713 5336 1782 5390; x_wconf 70' lang='lat' dir='ltr'><strong>prae·</strong></span> 
     </span>
    </p>

    <p class='ocr_par' dir='ltr' id='par_1_9' title="bbox 142 5412 1782 5767">
     <span class='ocr_line' id='line_1_57' title="bbox 177 5412 1781 5495; baseline -0.006 -15"><span class='ocrx_word' id='word_1_768' title='bbox 177 5422 257 5481; x_wconf 67' lang='lat' dir='ltr'><strong>Vera.</strong></span> <span class='ocrx_word' id='word_1_769' title='bbox 270 5421 297 5479; x_wconf 81' lang='lat' dir='ltr'><strong>d.</strong></span> <span class='ocrx_word' id='word_1_770' title='bbox 313 5422 364 5489; x_wconf 76' lang='lat' dir='ltr'><strong>pst</strong></span> <span class='ocrx_word' id='word_1_771' title='bbox 378 5420 506 5495; x_wconf 74' lang='lat' dir='ltr'><strong>anmnmt</strong></span> <span class='ocrx_word' id='word_1_772' title='bbox 520 5419 548 5472; x_wconf 89' lang='lat' dir='ltr'><strong>iu</strong></span> <span class='ocrx_word' id='word_1_773' title='bbox 562 5412 697 5488; x_wconf 77' lang='lat' dir='ltr'><strong>berpmis,</strong></span> <span class='ocrx_word' id='word_1_774' title='bbox 720 5417 748 5471; x_wconf 88' lang='lat' dir='ltr'><strong>in</strong></span> <span class='ocrx_word' id='word_1_775' title='bbox 769 5415 864 5488; x_wconf 74' lang='lat' dir='ltr'><strong>quadie</strong></span> <span class='ocrx_word' id='word_1_776' title='bbox 882 5429 936 5468; x_wconf 83' lang='lat' dir='ltr'><strong>tue·</strong></span> <span class='ocrx_word' id='word_1_777' title='bbox 988 5424 1107 5485; x_wconf 85' lang='lat' dir='ltr'><strong>paratur,</strong></span> <span class='ocrx_word' id='word_1_778' title='bbox 1130 5416 1176 5484; x_wconf 80' lang='lat' dir='ltr'><strong>qul</strong></span> <span class='ocrx_word' id='word_1_779' title='bbox 1198 5415 1241 5471; x_wconf 91' lang='lat' dir='ltr'><strong>bie</strong></span> <span class='ocrx_word' id='word_1_780' title='bbox 1265 5416 1353 5471; x_wconf 89' lang='lat' dir='ltr'><strong>taliter</strong></span> <span class='ocrx_word' id='word_1_781' title='bbox 1379 5423 1503 5488; x_wconf 77' lang='lat' dir='ltr'><strong>egenmt,</strong></span> <span class='ocrx_word' id='word_1_782' title='bbox 1528 5415 1642 5486; x_wconf 86' lang='lat' dir='ltr'><strong>qualiter</strong></span> <span class='ocrx_word' id='word_1_783' title='bbox 1666 5429 1781 5486; x_wconf 89' lang='lat' dir='ltr'><strong>superna</strong></span> 
     </span>
     <span class='ocr_line' id='line_1_58' title="bbox 142 5503 1781 5576; baseline -0.003 -5"><span class='ocrx_word' id='word_1_784' title='bbox 142 5524 207 5571; x_wconf 84' lang='lat' dir='ltr'><strong>test.</strong></span> <span class='ocrx_word' id='word_1_785' title='bbox 220 5514 292 5570; x_wconf 82' lang='lat' dir='ltr'><strong>bose</strong></span> <span class='ocrx_word' id='word_1_786' title='bbox 306 5513 497 5568; x_wconf 84' lang='lat' dir='ltr'><strong>seoriuaiiooes</strong></span> <span class='ocrx_word' id='word_1_787' title='bbox 510 5524 572 5565; x_wconf 88' lang='lat' dir='ltr'><strong>esse</strong></span> <span class='ocrx_word' id='word_1_788' title='bbox 583 5511 610 5563; x_wconf 92' lang='lat' dir='ltr'><strong>in</strong></span> <span class='ocrx_word' id='word_1_789' title='bbox 624 5509 677 5565; x_wconf 88' lang='lat' dir='ltr'><strong>boe</strong></span> <span class='ocrx_word' id='word_1_790' title='bbox 685 5508 796 5572; x_wconf 75' lang='lat' dir='ltr'><strong>toenio,</strong></span> <span class='ocrx_word' id='word_1_791' title='bbox 807 5504 936 5576; x_wconf 75' lang='lat' dir='ltr'><strong>Apostolo</strong></span> <span class='ocrx_word' id='word_1_792' title='bbox 986 5503 1062 5576; x_wconf 83' lang='lat' dir='ltr'><strong>jussa</strong></span> <span class='ocrx_word' id='word_1_793' title='bbox 1084 5504 1252 5574; x_wconf 74' lang='lat' dir='ltr'><strong>precipiunt.</strong></span> <span class='ocrx_word' id='word_1_794' title='bbox 1276 5505 1317 5561; x_wconf 87' lang='lat' dir='ltr'><strong>tttt</strong></span> <span class='ocrx_word' id='word_1_795' title='bbox 1331 5515 1420 5561; x_wconf 88' lang='lat' dir='ltr'><strong>antem</strong></span> <span class='ocrx_word' id='word_1_796' title='bbox 1441 5504 1474 5561; x_wconf 84' lang='lat' dir='ltr'><strong>art</strong></span> <span class='ocrx_word' id='word_1_797' title='bbox 1496 5507 1621 5574; x_wconf 74' lang='lat' dir='ltr'><strong>gaudium</strong></span> <span class='ocrx_word' id='word_1_798' title='bbox 1642 5506 1781 5565; x_wconf 85' lang='lat' dir='ltr'><strong>uenientes</strong></span> 
     </span>
     <span class='ocr_line' id='line_1_59' title="bbox 143 5594 1781 5675; baseline -0.004 -14"><span class='ocrx_word' id='word_1_799' title='bbox 143 5606 269 5675; x_wconf 62' lang='lat' dir='ltr'><strong>mue,</strong></span> <span class='ocrx_word' id='word_1_800' title='bbox 282 5617 469 5675; x_wconf 69' lang='lat' dir='ltr'><strong>copnortmus,</strong></span> <span class='ocrx_word' id='word_1_801' title='bbox 482 5603 552 5657; x_wconf 88' lang='lat' dir='ltr'><strong>sieut</strong></span> <span class='ocrx_word' id='word_1_802' title='bbox 567 5602 625 5670; x_wconf 89' lang='lat' dir='ltr'><strong>ipse</strong></span> <span class='ocrx_word' id='word_1_803' title='bbox 636 5601 689 5656; x_wconf 92' lang='lat' dir='ltr'><strong>ait:</strong></span> <span class='ocrx_word' id='word_1_804' title='bbox 703 5601 754 5668; x_wconf 73' lang='lat' dir='ltr'><strong>Qui</strong></span> <span class='ocrx_word' id='word_1_805' title='bbox 766 5601 792 5655; x_wconf 85' lang='lat' dir='ltr'><strong>in</strong></span> <span class='ocrx_word' id='word_1_806' title='bbox 805 5615 881 5655; x_wconf 82' lang='lat' dir='ltr'><strong>corne</strong></span> <span class='ocrx_word' id='word_1_807' title='bbox 893 5614 935 5654; x_wconf 79' lang='lat' dir='ltr'><strong>se-</strong></span> <span class='ocrx_word' id='word_1_808' title='bbox 989 5609 1044 5652; x_wconf 89' lang='lat' dir='ltr'><strong>non</strong></span> <span class='ocrx_word' id='word_1_809' title='bbox 1063 5596 1186 5660; x_wconf 78' lang='lat' dir='ltr'><strong>ueniunt,</strong></span> <span class='ocrx_word' id='word_1_810' title='bbox 1200 5595 1245 5666; x_wconf 75' lang='lat' dir='ltr'><strong>quii</strong></span> <span class='ocrx_word' id='word_1_811' title='bbox 1265 5594 1310 5651; x_wconf 91' lang='lat' dir='ltr'><strong>bic</strong></span> <span class='ocrx_word' id='word_1_812' title='bbox 1326 5610 1357 5651; x_wconf 86' lang='lat' dir='ltr'><strong>ee</strong></span> <span class='ocrx_word' id='word_1_813' title='bbox 1372 5596 1543 5665; x_wconf 81' lang='lat' dir='ltr'><strong>neuurtssimts</strong></span> <span class='ocrx_word' id='word_1_814' title='bbox 1561 5598 1663 5654; x_wconf 83' lang='lat' dir='ltr'><strong>actibus</strong></span> <span class='ocrx_word' id='word_1_815' title='bbox 1679 5598 1781 5671; x_wconf 83' lang='lat' dir='ltr'><strong>pollue·</strong></span> 
     </span>
     <span class='ocr_line' id='line_1_60' title="bbox 142 5682 1782 5767; baseline -0.007 -10"><span class='ocrx_word' id='word_1_816' title='bbox 142 5700 243 5767; x_wconf 70' lang='lat' dir='ltr'><strong>m,</strong></span> <span class='ocrx_word' id='word_1_817' title='bbox 256 5698 289 5755; x_wconf 84' lang='lat' dir='ltr'><strong>de</strong></span> <span class='ocrx_word' id='word_1_818' title='bbox 299 5711 378 5756; x_wconf 80' lang='lat' dir='ltr'><strong>earne</strong></span> <span class='ocrx_word' id='word_1_819' title='bbox 391 5705 464 5753; x_wconf 83' lang='lat' dir='ltr'><strong>netes</strong></span> <span class='ocrx_word' id='word_1_820' title='bbox 476 5696 664 5764; x_wconf 81' lang='lat' dir='ltr'><strong>corruptionem</strong></span> <span class='ocrx_word' id='word_1_821' title='bbox 674 5710 681 5759; x_wconf 83' lang='lat'>;</span> <span class='ocrx_word' id='word_1_822' title='bbox 693 5704 718 5749; x_wconf 86' lang='lat' dir='ltr'><strong>et</strong></span> <span class='ocrx_word' id='word_1_823' title='bbox 731 5694 776 5766; x_wconf 77' lang='lat' dir='ltr'><strong>oui</strong></span> <span class='ocrx_word' id='word_1_824' title='bbox 787 5693 894 5752; x_wconf 80' lang='lat' dir='ltr'><strong>seminat</strong></span> <span class='ocrx_word' id='word_1_825' title='bbox 908 5690 935 5746; x_wconf 91' lang='lat' dir='ltr'><strong>in</strong></span> <span class='ocrx_word' id='word_1_826' title='bbox 990 5697 1064 5746; x_wconf 92' lang='lat' dir='ltr'><strong>runt.</strong></span> <span class='ocrx_word' id='word_1_827' title='bbox 1090 5689 1221 5747; x_wconf 84' lang='lat' dir='ltr'><strong>Omnibus</strong></span> <span class='ocrx_word' id='word_1_828' title='bbox 1241 5686 1315 5744; x_wconf 83' lang='lat' dir='ltr'><strong>coitu</strong></span> <span class='ocrx_word' id='word_1_829' title='bbox 1340 5687 1433 5744; x_wconf 88' lang='lat' dir='ltr'><strong>reoirc</strong></span> <span class='ocrx_word' id='word_1_830' title='bbox 1454 5701 1596 5748; x_wconf 90' lang='lat' dir='ltr'><strong>commuue</strong></span> <span class='ocrx_word' id='word_1_831' title='bbox 1609 5700 1666 5759; x_wconf 86' lang='lat' dir='ltr'><strong>est;</strong></span> <span class='ocrx_word' id='word_1_832' title='bbox 1679 5689 1727 5746; x_wconf 86' lang='lat' dir='ltr'><strong>scd</strong></span> <span class='ocrx_word' id='word_1_833' title='bbox 1748 5682 1782 5737; x_wconf 70' lang='lat' dir='ltr'><strong>ad</strong></span> 
     </span>
    </p>
   </div>
   <div class='ocr_carea' id='block_1_6' title="bbox 0 0 1925 6128">
    <p class='ocr_par' dir='ltr' id='par_1_10' title="bbox 0 0 1925 6128">
     <span class='ocr_line' id='line_1_61' title="bbox 0 0 1925 6128; baseline 0 0"><span class='ocrx_word' id='word_1_834' title='bbox 0 0 1925 6128; x_wconf 95' lang='lat' dir='ltr'><strong> </strong></span> 
     </span>
    </p>
   </div>
  </div>
 </body>
</html>
