3802 6120
123 248 172 306 llll
439 306 442 310 ,
733 243 767 300 ll.
790 241 929 301 ndnsttt
945 244 1148 312 cnssloboltl
1704 235 1763 294 708

124 363 197 418 vlium
211 374 226 415 a
241 359 353 415 Dolttinn
370 358 487 413 tardaret
501 355 633 427 accipere,
653 357 696 427 qui
711 358 802 412 multis
817 357 915 427 proba·
928 362 952 420 Α
966 358 1028 411 sudi
1049 374 1098 412 ute.
1118 358 1252 425 Quantum
1274 371 1305 416 se
1327 357 1353 413 iu
1378 356 1532 416 bumilitate
1551 354 1684 426 pteultetts
1710 353 1764 407 iste

125 454 203 507 batur
211 449 412 507 calamitatibus
421 447 570 518 subjacere.
582 448 672 503 Primo
680 449 750 503 enim
759 449 914 519 postvilers·
969 464 1051 517 prona
1065 460 1154 504 mente
1167 457 1358 518 prostraverat,
1374 458 1477 504 tarrtum
1500 449 1526 504 in
1545 448 1603 518 ipsa
1624 445 1763 515 supplica·

125 545 229 606 tiorteur,
243 555 314 597 nune
327 537 593 608 adieeiteiotnorem,·
606 547 635 594 ut
648 539 736 594 studia
745 538 918 609 snpplicatio*
968 534 1074 598 catione
1087 543 1235 597 crescebat.
1253 541 1318 596 lv'uru
1340 542 1402 595 dum
1427 542 1501 611 prius
1515 540 1640 604 dixisset,
1658 536 1765 592 lncliutt

68 671 74 683 .
126 629 916 701 niscrevissecopnoseeres,cuiusorationeminclamorem
968 632 1251 697 edneutrrevutuum,
1266 631 1592 701 jamcoultdentiuspetit
1607 626 1768 685 uteelerius

126 722 271 778 maximum
285 722 439 792 prorupisse
459 723 584 780 sentires.
609 722 684 780 lione
703 731 794 780 autem
808 723 917 780 modum
968 732 1106 780 mercatur
1123 723 1226 789 audiri3
1245 722 1367 792 namqui
1391 721 1560 785 uelocitatem
1576 722 1707 792 postulat,
1730 720 1765 774 de

124 822 224 869 sanctae
236 814 364 870 orationis
378 814 538 870 servandum
549 814 740 872 devotissimus
748 813 918 871 cbrlsnanue
969 818 1159 889 impetratione
1172 832 1283 874 securus
1294 826 1347 873 est.

126 906 268 975 intelligat,
283 916 312 962 ut
333 905 447 977 idipsum
463 907 563 975 cogitet
587 906 659 978 quod
682 916 752 973 orat,
768 908 855 974 iusum
872 922 917 963 re·
1008 911 1085 966 llere.
1098 912 1126 965 l.
1151 911 1218 976 Quin
1238 910 1385 980 deiecerunt
1407 908 1471 962 victu
1487 911 1572 978 fumus
1592 907 1645 959 dies
1658 905 1720 970 urei,
1739 912 1766 960 et

124 998 219 1063 alliciat
234 998 377 1053 mentecui
400 997 545 1067 supplicat,
561 1013 655 1056 omrtes
676 997 825 1066 superduar
845 997 919 1073 copi·
970 1018 1028 1060 nuru
1048 1001 1184 1056 mentiost
1207 1001 1235 1055 ia
1256 1000 1365 1071 [ricmis
1384 999 1503 1067 coniriss
1524 1006 1594 1054 sunl.
1619 996 1767 1067 Subiunxit

125 1090 241 1144 tationes
254 1088 469 1152 exclttdat,allud
483 1105 537 1145 nott
555 1090 680 1145 admittat
693 1099 869 1145 extraneum:
884 1103 919 1145 ne
968 1108 1077 1150 causum
1100 1090 1299 1162 deprecationis
1313 1107 1386 1156 sure,
1412 1088 1521 1145 utillud
1537 1089 1690 1143 orationum
1707 1095 1765 1141 tam

125 1181 169 1250 (ut
180 1182 219 1235 ait
231 1180 351 1250 quidam)
378 1181 527 1250 purissimis
542 1179 661 1237 lontibus
675 1194 756 1250 apros
774 1181 919 1236 immittere
972 1186 1067 1255 iugens
1083 1184 1246 1240 desiderium
1262 1183 1431 1239 miseriarum
1452 1188 1659 1251 cognosceretur
1681 1178 1768 1235 inisse

126 1271 249 1326 videatur
263 1272 439 1340 improvidos.
453 1272 521 1326 lline
533 1271 715 1344 eliamsanetr
730 1270 866 1329 Ambrosii
877 1285 919 1327 se·
972 1278 1134 1342 multarum,
1148 1287 1176 1331 et
1191 1276 1296 1336 laeilius
1309 1273 1522 1330 benevolentiam
1543 1273 1578 1341 pii
1595 1270 1695 1342 judicis
1715 1269 1767 1326 ob·

125 1363 242 1417 cttttdnm
259 1363 416 1431 Apostolum
432 1361 457 1434 (l
469 1361 529 1418 Cor.
543 1378 599 1427 xre,
615 1360 672 1431 ts),
689 1361 763 1416 barm
776 1369 860 1416 setis
874 1375 919 1416 ro·
972 1370 1070 1425 tineret
1091 1382 1248 1437 magnarum
1272 1347 1455 1421 calamitatum
1479 1363 1591 1434 allegata
1608 1363 1768 1419 necessitas.

126 1467 189 1508 sens
203 1452 319 1525 hymnus
334 1453 378 1507 ille
391 1459 399 1475 ·
411 1453 544 1517 redoluit;
560 1453 597 1506 ait
608 1453 695 1507 euim:
711 1451 821 1508 vdrabo
832 1459 920 1508 mente
973 1462 1088 1518 l'nututn
1103 1461 1225 1517 videmus
1243 1460 1278 1516 de
1300 1458 1408 1515 dutnma
1429 1458 1538 1529 quidem
1553 1455 1655 1525 egredi,
1670 1453 1721 1511 sed
1741 1456 1769 1509 in

127 1542 282 1609 liturnum,
295 1546 378 1599 uano
391 1544 469 1599 slutut
485 1544 599 1613 spiritu:
613 1559 646 1599 ne
661 1558 712 1600 vox
732 1544 787 1599 sota
805 1545 920 1601 neoca-
973 1567 1054 1608 auras
1077 1551 1193 1622 riquinus
1213 1548 1370 1607 tenuissime
1383 1548 1528 1616 dissipatu
1549 1560 1599 1603 uec
1616 1545 1771 1601 substantia

127 1646 185 1701 nai,
200 1652 348 1708 sensusque
361 1646 453 1693 llosler
468 1636 531 1692 aiibi
545 1639 643 1693 illidius
656 1637 763 1692 aberret
776 1635 920 1704 ssdcitldlls,
974 1643 1034 1714 ejus
1049 1650 1151 1706 mallei,
1165 1641 1288 1712 quamvis
1311 1654 1345 1694 ει
1363 1639 1496 1709 corporali
1512 1636 1637 1692 incendio
1655 1651 1773 1705 geum.

127 1730 204 1786 vanis
227 1737 380 1798 praeventus
397 1730 515 1784 casibus.
531 1748 541 1782 v
563 1728 639 1785 Tunc
658 1729 729 1784 cuitu
745 1728 800 1784 Deo
812 1738 921 1799 accepte
939 1698 1092 1792 Buruesse
1104 1735 1236 1791 rideatur.
1251 1732 1346 1788 llerito
1359 1745 1425 1804 erpo
1435 1731 1488 1786 dies
1499 1740 1670 1801 potentorum
1682 1727 1772 1799 globis

127 1830 170 1879 est
182 1822 269 1877 oratio
280 1822 446 1892 canentium,
461 1822 483 1878 si
498 1837 565 1892 pura
586 1837 662 1879 mens
675 1820 746 1878 idern
757 1830 834 1892 perat
849 1810 943 1893 quod’
975 1827 1108 1886 fumiferis
1123 1834 1310 1896 exaquantur,
1323 1841 1391 1896 quus
1406 1822 1533 1881 involutis
1545 1838 1577 1880 ae
1592 1824 1669 1878 tetris
1684 1825 1773 1879 actio·

127 1914 242 1984 eillidii
257 1928 307 1967 ΨΜ
323 1914 431 1968 eautici.
977 1920 1055 1977 nibus
1071 1918 1176 1990 decepti
1191 1918 1314 1973 bumines
1323 1916 1506 1989 perdiderunt.
1519 1915 1594 1983 Quod
1609 1913 1773 1971 masimead

167 2004 242 2060 Veli·
255 2004 283 2058 ²·
301 2003 342 2058 Νθ
352 2016 450 2059 anetus
463 2007 634 2077 {admittam
646 2022 720 2072 dide,
735 2006 761 2060 fd
773 2020 924 2078 dddsdddd‘
977 2013 1131 2086 superbiam
1146 2011 1239 2068 muudi
1255 2011 1375 2081 respicit,
1399 2024 1459 2079 quar
1471 2016 1571 2079 quarite
1586 2007 1643 2077 plus
1660 2005 1773 2062 extolli·

129 2099 171 2153 die
189 2097 308 2152 tribulor.
333 2097 478 2154 lieeclebat
493 2113 593 2169 pauper
614 2100 664 2155 iste
683 2099 864 2168 beatissimus,
879 2111 924 2154 re·
978 2116 1033 2176 tur,
1049 2114 1126 2163 tantu
1137 2102 1252 2174 amplius
1267 2100 1415 2158 evanescit.
1429 2098 1483 2155 lsae
1495 2097 1660 2171 338enim
1668 2111 1774 2168 pauper

129 2191 221 2246 nuisse
239 2190 381 2247 [lomiutuu
395 2207 444 2263 per
456 2191 551 2248 isaiam
565 2192 724 2262 prophetam
747 2191 924 2262 pertinacium
979 2198 1014 2253 ad
1033 2195 1212 2251 bumilitatem
1233 2192 1400 2248 salutiferam
1418 2189 1520 2248 cbried
1533 2192 1710 2246 veementer
1732 2187 1776 2243 itt·

129 2300 241 2342 munera
257 2297 437 2357 peecatorum,
450 2302 512 2343 eum
523 2286 588 2343 dicit
599 2305 605 2342 :
618 2286 778 2359 sanquinem
788 2288 927 2343 vitulorum
978 2297 1067 2345 teritus
1081 2296 1139 2343 eret
1153 2287 1226 2361 [mss.
1242 2284 1287 2351 d..
1303 2280 1349 2350 F„
1371 2279 1539 2353 iultaeserad,
1554 2280 1599 2350 uni
1611 2279 1774 2339 demum

129 2388 153 2432 cl
165 2395 289 2450 upneruvvt
303 2392 327 2436 et
341 2383 470 2435 tvlrceruuv
483 2382 552 2436 nolo.
567 2379 631 2434 Cum
652 2381 769 2436 ueneritis
783 2391 843 2434 unte
862 2395 926 2434 con·
978 2380 1158 2450 arrogantiam
1174 2376 1385 2448 superbiamque
1403 2374 1557 2433 damnabat.
1584 2371 1724 2442 Sequitur,
1738 2368 1776 2424 El

129 2483 242 2536 spectum
263 2490 356 2543 neum,
372 2475 429 2544 quis
448 2475 562 2544 quesivit
577 2475 631 2528 line
645 2472 678 2528 ds
697 2474 815 2528 mortibus
834 2472 926 2526 uestris
979 2489 1037 2529 eno
1051 2488 1107 2527 ntea
1119 2471 1184 2527 sicut
1194 2472 1220 2526 iu
1233 2469 1340 2540 frixorio
1350 2468 1470 2538 coulrisu
1480 2477 1547 2522 suvvt.
1559 2465 1776 2536 simtupiulorte

132 2560 210 2632 (leui.
226 2578 245 2629 t,
260 2562 307 2630 lt,
325 2563 390 2635 llll
410 2564 482 2619 Talia
508 2571 632 2621 metuens
647 2565 699 2621 iste
720 2573 801 2636 atque
821 2562 927 2635 recogi·
979 2579 1108 2637 prospera
1119 2564 1190 2619 bene
1208 2561 1367 2620 meritorum
1390 2575 1464 2630 ossa,
1481 2558 1564 2616 idest
1587 2555 1672 2615 animi
1695 2553 1775 2610 lorti·

133 2664 204 2721 tans,
220 2656 332 2725 petisne
346 2657 505 2712 sacrideium
517 2658 586 2726 uuod
600 2658 765 2724 insimulabat,
777 2656 855 2714 idest
868 2672 926 2728 pte·
979 2659 1044 2714 tudu
1060 2656 1222 2727 pinguescit,
1237 2653 1345 2725 quando
1358 2669 1452 2710 eorum
1468 2651 1632 2710 conscientie
1648 2649 1721 2708 lelici
1731 2663 1775 2706 re·

131 2749 272 2804 ttiteutiam
292 2766 366 2805 suam
391 2751 427 2806 ita
450 2751 610 2822 despiceret,
625 2750 694 2808 sicul
707 2767 789 2830 supra
804 2749 927 2807 meminit
978 2748 1135 2809 cundatiune
1147 2749 1262 2804 laetatur.
1278 2748 1348 2804 sient
1370 2746 1436 2802 dicit
1448 2746 1574 2804 Salomon
1588 2762 1595 2800 ε
1609 2742 1633 2797 F
1634 2760 1695 2801 ems
1709 2743 1777 2799 bena

133 2841 167 2895 de
181 2840 410 2895 immolationibus
426 2842 615 2912 pessimorum.
641 2842 686 2898 Sin
698 2851 726 2897 et
737 2841 928 2913 quinquagesi·
979 2841 1122 2913 impiupuut
1138 2856 1195 2894 ossa
1210 2837 1301 2908 (Pron.
1320 2853 1363 2906 vv,
1375 2836 1433 2908 50),
1456 2835 1492 2892 ita
1507 2833 1696 2890 recordatione
1705 2848 1777 2890 con·

134 2947 194 2988 ntus
208 2933 328 3003 psalmus
342 2935 399 2989 ait:
415 2933 616 2990 Cercoutrituut
632 2943 655 2989 et
675 2933 839 2990 lvutrtiliuluur
858 2933 927 2991 deut
980 2935 1060 2989 traria
1085 2944 1267 3002 peecatorum,
1284 2930 1369 2984 timus
1393 2939 1518 2999 tauquam
1545 2927 1612 2982 lriua
1636 2928 1777 2987 contrabi·

134 3043 187 3081 uuu
211 3029 309 3099 speruit
333 3025 419 3100 (deal,
445 3043 471 3091 ι,
496 3025 551 3099 td).
577 3027 715 3098 supplicat
740 3027 829 3096 itaque
854 3041 888 3083 ue
912 3033 1034 3128 actus,
1049 3024 1113 3091 dutu
1128 3022 1314 3079 oblocutiones
1328 3019 1479 3088 bominum,
1489 3026 1517 3073 et
1531 3017 1708 3073 conscientie
1717 3032 1776 3075 stne

133 3128 280 3189 conspeetu
293 3117 399 3173 llomiui
415 3118 542 3174 reddatur
553 3119 667 3174 alicnus.
683 3117 736 3173 isla
748 3119 820 3174 enim
835 3121 928 3188 regn'a
980 3117 1082 3189 juditia
1094 3116 1214 3188 graviter
1228 3111 1392 3183 expavescit.
1406 3111 1469 3167 Sive
1484 3111 1531 3167 lvie
1543 3110 1698 3180 coniripitur
1713 3124 1780 3180 psc-

134 3218 215 3264 rectac
231 3208 367 3277 petitionis
382 3217 435 3274 est,
459 3216 484 3262 nl
505 3223 556 3263 tros
574 3209 733 3278 respiciens,
749 3216 857 3278 peccata
880 3222 929 3262 no·
983 3218 1069 3275 eatur,
1090 3208 1216 3277 quotu-m
1232 3205 1335 3260 iuturus
1347 3202 1425 3273 ipnes
1440 3201 1616 3272 incendiaque
1631 3200 1778 3268 sormidam

135 3307 191 3353 stra
205 3299 356 3368 despiciat:
375 3299 436 3368 quia
458 3300 499 3355 sie
518 3314 568 3354 nus
592 3297 737 3354 miseratus
763 3297 889 3364 absolvit,
906 3299 929 3353 si
985 3315 1046 3357 narn
1061 3298 1106 3370 qvi
1119 3313 1149 3354 se
1160 3296 1280 3370 pavescit
1293 3310 1429 3362 arsurum,
1445 3295 1528 3364 ipsus
1539 3292 1656 3349 inecudii
1672 3304 1779 3349 terrore

135 3390 179 3445 illa
194 3406 247 3447 non
257 3391 400 3462 eonspieil,
416 3391 487 3448 siem
494 3392 549 3460 iam
561 3392 587 3446 iu
596 3392 816 3462 quinquagesimo
826 3391 929 3461 psalmo
982 3393 1037 3465 mm
1051 3390 1166 3464 iripitur.
1181 3389 1271 3457 Queri
1285 3389 1355 3445 solet
1365 3388 1428 3458 quid
1440 3387 1492 3446 sibi
1502 3388 1577 3458 velit,
1587 3387 1658 3458 quod
1672 3387 1737 3444 talia
1747 3400 1779 3442 se

135 3482 236 3539 dictum
249 3491 312 3538 est:
327 3482 608 3552 dumtelucierutuuut
632 3486 771 3556 epeccutis
790 3485 853 3541 meis
865 3483 932 3557 (lli-
985 3485 1076 3542 disant
1097 3483 1259 3556 penitentes
1283 3481 1403 3554 perpeti,
1425 3480 1515 3552 qualia
1542 3482 1658 3547 bumana
1683 3486 1788 3539 satura·

137 3577 206 3645 deut,
220 3576 275 3647 ll).
289 3579 456 3649 Quapropter
470 3593 523 3634 nott
541 3579 687 3649 incongrue
700 3578 736 3637 de
751 3580 855 3650 psalmo
874 3595 932 3650 pre·
985 3592 1039 3634 uon
1054 3577 1182 3648 prevalet
1192 3575 1334 3634 sustinere.
1352 3573 1472 3631 Primum
1485 3584 1538 3641 est,
1551 3573 1622 3645 quod
1637 3590 1687 3646 per
1698 3589 1780 3646 essp-

141 3668 260 3722 nileutiru
289 3669 443 3737 ptmnileutis
468 3679 622 3727 mvluamrtr
652 3672 793 3741 exempla,
820 3687 881 3728 cum
903 3682 932 3730 et
983 3669 1147 3741 geratimtem
1172 3667 1287 3740 positam
1310 3665 1572 3737 inspuitudodelitli
1593 3665 1665 3725 berte
1689 3672 1780 3736 petest

139 3773 234 3814 sentus
247 3774 295 3830 par
309 3761 448 3829 probetur,
472 3772 500 3817 ει
522 3776 602 3817 cansa
625 3762 787 3821 eonsimilfs.
808 3763 929 3832 additu,
984 3762 1105 3835 intelligi,
1121 3763 1164 3818 cui
1177 3769 1250 3817 tavrta
1261 3761 1409 3818 satisfactio
1422 3761 1527 3817 ridetur
1541 3760 1631 3817 oderri
1643 3777 1651 3823 ;
1665 3761 1777 3825 deiude.

136 3851 163 3903 iu
178 3867 328 3920 quacunque
341 3852 514 3909 distributor.
530 3855 695 3924 duaevnque
706 3855 759 3922 die,
777 3870 828 3911 ntur
844 3857 930 3913 corni-
983 3854 1055 3927 qutrd
1068 3855 1101 3911 ad
1117 3869 1184 3910 nova
1196 3853 1260 3916 vitia
1275 3868 1328 3909 nou
1344 3853 1496 3921 trabvmtur,
1504 3851 1548 3923 qui
1563 3867 1593 3908 se
1606 3852 1641 3911 de
1655 3852 1780 3923 preteri-

140 3943 294 3997 nuationcm
318 3943 461 4013 signilieat,
475 3944 524 4000 sed
539 3945 679 4002 intervalla
699 3946 827 4015 temporis
848 3946 930 4002 luisse
983 3949 1018 4002 tis
1030 3947 1146 4016 plurima
1163 3944 1262 4001 debere
1275 3952 1451 4015 cognoscunt.

139 4031 269 4101 declarat,
286 4034 392 4104 qttaude
406 4036 549 4106 urgebatur
564 4036 689 4091 unanimis
702 4036 858 4094 vulneribus
869 4052 930 4107 pec·
1021 4039 1099 4094 ders.
1114 4039 1141 4094 5.
1157 4036 1300 4093 Percussus
1323 4055 1379 4100 sum
1400 4038 1465 4093 sicut
1486 4038 1584 4107 lenum,
1605 4046 1629 4091 et
1648 4038 1720 4093 aruit
1733 4053 1779 4095 cer

140 4133 273 4193 catorum,
285 4124 460 4195 qnatvdeeum
470 4126 634 4183 detestabilis
645 4126 781 4199 premebat
791 4127 929 4192 iuivnieus;
983 4149 1079 4194 uentu,
1094 4131 1154 4201 quin
1167 4130 1261 4186 oblitus
1275 4146 1331 4185 sunt
1345 4129 1502 4185 munducare
1512 4145 1605 4200 porterve
1614 4145 1709 4186 mum.
1726 4128 1781 4187 Per

140 4225 168 4270 ut
183 4219 256 4287 quasi
273 4217 322 4273 sub
336 4218 438 4274 crudeli
453 4218 509 4274 iera
532 4220 621 4290 posito
643 4219 783 4275 liberator
797 4221 931 4291 piissimus
983 4223 1153 4292 operationes
1176 4220 1341 4277 ltumillimas
1363 4221 1551 4278 benevolentia
1579 4221 1682 4277 iudicis
1703 4237 1779 4280 enni-

139 4306 305 4363 snbueuirct.
983 4327 1087 4386 parata,
1103 4316 1177 4370 veuit
1197 4315 1230 4369 ad
1246 4316 1413 4371 miserturum
1429 4329 1539 4372 suarum
1554 4314 1671 4373 debilem
1687 4331 1780 4374 narrt·

178 4396 255 4453 l'ers.
267 4396 294 4453 3.
310 4396 412 4454 inclina
430 4403 464 4454 ed
478 4418 519 4456 nte
536 4418 624 4457 nutent
639 4412 723 4469 lusm;
739 4403 766 4458 iu
780 4419 932 4474 quacunque
944 4419 971 4482 1)
985 4410 1100 4472 tionem,
1117 4416 1147 4460 ιιι
1168 4405 1224 4461 cilo
1248 4405 1397 4461 remedium
1425 4416 1555 4474 sumeret,
1574 4407 1598 4464 si
1622 4409 1780 4479 passionem

142 4487 182 4542 die
195 4488 344 4544 invocavero
358 4500 393 4558 te,
410 4492 527 4547 uelociter
541 4494 634 4548 eauadi
649 4511 699 4548 tue.
714 4495 804 4551 linitis
824 4495 931 4563 quidem
984 4511 1060 4553 strant
1076 4496 1120 4567 pio
1133 4494 1238 4552 medico
1252 4510 1305 4551 nott
1320 4506 1429 4552 taceret.
1442 4496 1514 4554 liene
1525 4484 1718 4571 antem'gettos
1730 4503 1782 4557 nu-

142 4579 240 4648 ntudis,
255 4579 368 4636 seduna
387 4582 483 4654 petitio
495 4591 548 4649 est,
576 4593 606 4638 ut
633 4586 783 4642 orationem
806 4586 933 4657 pauperis
984 4605 1092 4647 manunt
1108 4591 1166 4661 letto
1190 4590 1344 4645 transitorio
1359 4600 1542 4661 comparatur,
1558 4594 1630 4664 quod
1643 4602 1672 4649 ει
1687 4593 1783 4651 viridi·

143 4670 272 4728 llominus
286 4674 413 4730 exaudire
430 4676 565 4747 dignetur.
584 4677 650 4746 Qum
666 4679 748 4752 dgura
762 4679 855 4737 Graee
867 4680 934 4737 dici·
985 4684 1047 4738 tatis
1060 4682 1141 4737 babet
1151 4680 1271 4737 letitiam
1287 4683 1476 4753 temporalem,
1489 4692 1519 4740 et
1529 4697 1687 4754 percussum
1701 4685 1783 4744 nete

141 4771 185 4819 tur
197 4764 332 4836 epimone,
349 4767 442 4823 Latine
457 4770 594 4839 repetitio,
608 4771 834 4842 quoticsdiversis
844 4772 934 4830 verbis
984 4775 1068 4832 sentit
1081 4772 1223 4846 iniuriam
1241 4774 1281 4829 sic
1293 4774 1411 4843 quandiu
1426 4777 1453 4831 itt
1468 4776 1526 4846 iege
1541 4777 1649 4833 Domini
1667 4779 1784 4836 mada-

141 4856 235 4912 eadem
248 4857 347 4914 dieitur
361 4859 410 4914 sub
427 4861 569 4917 iteratione
580 4864 726 4929 setttetttia;
740 4863 812 4934 quod
826 4878 874 4934 per
883 4863 933 4920 ltus
986 4868 1073 4938 lisque
1085 4867 1269 4934 consistimus,
1284 4872 1411 4936 tauquam
1423 4866 1518 4923 viridia
1533 4866 1593 4924 lena
1606 4878 1783 4938 regumn,

144 4957 200 5006 tres
214 4965 309 5006 uersus
323 4963 338 5006 a
354 4952 486 5023 principio
501 4952 600 5008 lactum
614 4969 674 5011 esse
693 4954 856 5011 declaratur.
887 4953 934 5009 ln·
985 4959 1034 5015 sed
1057 4973 1119 5016 mcx
1134 4967 1165 5014 ut
1186 4957 1295 5027 abelus
1323 4960 1467 5028 preceptis
1489 4958 1617 5016 iussimus
1643 4960 1785 5017 diabolica

141 5039 212 5096 cline
234 5057 331 5106 unrettr,
356 5041 456 5109 praebe,
477 5043 552 5110 dicit,
578 5045 713 5111 andituut;
729 5047 798 5102 urile
813 5054 840 5102 el
861 5047 934 5103 auris
985 5052 1053 5108 lalcc
1068 5050 1177 5116 succisi,
1191 5048 1282 5106 statim
1295 5050 1454 5116 arescimus,
1469 5057 1496 5107 et
1514 5065 1561 5107 eor
1580 5059 1703 5107 noetrnm
1716 5066 1786 5124 psc-

142 5131 200 5200 ipsa
217 5131 351 5187 obauditu
366 5133 435 5189 dicta
447 5143 504 5201 est;
522 5136 647 5204 quianon
661 5145 738 5192 eruunt
752 5137 859 5205 merita,
875 5153 934 5208 quae
986 5145 1039 5199 cati
1052 5143 1194 5199 sterilitate
1208 5145 1336 5199 siccatur.
1351 5143 1411 5200 lion
1426 5144 1498 5201 enim
1513 5144 1637 5203 benedeii
1659 5143 1722 5216 eius
1735 5161 1786 5217 pa·

143 5238 173 5279 ld
187 5222 219 5278 dd
239 5223 323 5293 ipslllll
344 5223 449 5294 eligere
470 5226 629 5296 politisselti.
646 5226 722 5281 Adria
742 5243 806 5283 ilerd
828 5228 933 5283 Domitii
986 5235 1080 5292 bulum
1096 5234 1198 5292 lldbtl'e
1217 5244 1308 5307 polest
1320 5237 1452 5301 animm
1474 5251 1527 5307 quo
1539 5236 1644 5295 delictis
1659 5236 1787 5295 [animi.

144 5326 194 5382 pto
213 5312 356 5373 clementia
373 5313 490 5384 partitur,
506 5330 557 5386 qua
574 5329 667 5386 preces
686 5317 834 5386 supplicum
859 5317 935 5374 beni·
989 5328 1039 5383 hus
1055 5330 1183 5399 probatur
1198 5343 1259 5386 esse
1273 5329 1366 5385 divisa.
1392 5330 1431 5384 llli
1445 5339 1534 5386 autem
1547 5345 1655 5402 semper
1664 5330 1785 5396 bibres,

144 5418 211 5472 gnus
227 5405 346 5460 exaudit.
372 5405 436 5460 Num
452 5422 514 5463 cum
540 5416 609 5464 totos
624 5407 725 5476 audiat,
741 5419 811 5465 totos
832 5410 933 5478 videat,
990 5433 1097 5489 semper
1110 5419 1211 5476 emerui
1224 5429 1297 5487 suut,
1314 5420 1359 5490 qul
1379 5419 1490 5491 ajussis
1504 5419 1611 5477 Domitii
1633 5437 1688 5479 uon
1707 5436 1787 5479 rees-

144 5495 217 5552 solus
229 5496 288 5554 illus
302 5497 395 5554 audire
411 5498 520 5568 dicitur,
537 5500 635 5572 quibus
659 5509 786 5571 praestare
800 5502 934 5574 dignatur.
988 5508 1065 5563 dunt.
1082 5509 1219 5580 Sequitur,
1230 5509 1291 5581 puis
1312 5508 1405 5565 ollitas
1424 5525 1484 5565 suat
1508 5511 1667 5569 utuadncsrs
1688 5528 1786 5582 mm

145 5584 280 5657 Scuttilur,
294 5590 322 5643 in
333 5607 481 5660 puucnrtptte
494 5593 534 5647 die
544 5593 694 5650 itteecuuerc
709 5602 743 5663 tt,
757 5596 874 5653 velociter
891 5612 936 5652 cs·
988 5620 1081 5663 ntt'nnt.
1096 5603 1192 5660 Reddit
1204 5618 1312 5661 raumm
1324 5618 1372 5660 cur
1378 5619 1526 5677 percussurus
1537 5620 1581 5661 cnr
1593 5602 1654 5674 eills
1666 5608 1784 5664 macrii:

181 5679 197 5713 ⁴
212 5678 330 5751 llpmuns
344 5682 395 5740 iste
407 5684 541 5742 Ambrosii
553 5685 733 5744 desideratur.
873 5690 877 5698 '
