3794 6128
54 201 90 257 ut
543 197 723 257 utrusuto
742 198 775 255 l!
794 195 1025 255 Psatnutttttu.
1047 197 1141 256 issu
1166 201 1209 258 ll.
1669 213 1703 268 93

54 327 97 369 trr
109 317 187 372 enirn
201 324 304 373 rancun
317 317 426 388 apim
439 333 491 373 oon
513 328 629 389 poterat,
646 316 696 373 nisi
711 315 803 372 inisset
818 317 856 369 in·
874 317 897 374 A
912 324 995 382 munt,
1011 324 1039 370 et
1052 326 1156 386 ponunt
1176 317 1203 373 io
1223 320 1329 390 propriu
1345 333 1493 391 potestate,
1517 328 1586 396 nostrl
1603 345 1631 384 se
1653 330 1702 384 tle-

54 418 96 460 trr
122 406 249 461 bomiret
271 408 371 462 veritas
394 405 546 464 itnntinuta,
570 408 647 475 Quod
668 414 854 477 argumentum

55 498 157 552 utritur
170 513 187 552 a
200 498 435 567 consequentibus,
449 499 559 570 quando
572 498 637 554 illutl
652 499 722 570 quod
740 499 857 568 prtentit·

56 585 134 652 titur,
155 590 277 658 sentienti
292 588 410 645 dictione
425 591 556 644 tlrmatur.
575 589 672 645 Verum
689 604 748 644 cnm
769 588 854 651 dicit,

31 680 219 744 'dininatam
233 681 378 750 deprauata
404 681 450 760 tut
475 696 586 736 munera
608 683 693 752 culpis
716 679 855 735 bominum

56 772 200 827 evidenter
213 774 342 838 ostendit,
357 775 401 845 qui
417 774 511 829 collata
533 773 585 827 sibi
604 773 732 829 benoncia
750 775 856 841 propria

59 865 238 938 {tenersitate
259 865 465 918 commaculant.
488 862 520 918 Et
540 863 698 918 intuentium
713 862 783 930 guod
799 862 858 930 plu·

57 951 106 1005 rali
120 968 240 1006 rurmero
253 961 317 1006 suut
333 955 425 1018 posite
440 956 572 1018 ueritates,
586 968 647 1008 eunt
664 966 715 1007 una
732 954 766 1006 sit
786 951 856 1006 teri·

57 1055 108 1095 tas.
120 1043 175 1097 Sed
189 1060 250 1098 cum
264 1045 346 1097 virtus
358 1041 417 1114 ejus
429 1060 477 1112 prr
488 1059 706 1114 unumquemque
721 1043 855 1097 ltomiuatu

56 1135 164 1188 roelesti
176 1134 378 1202 dispensatione
391 1135 527 1199 tribuitur,
537 1136 632 1188 multos
642 1149 703 1189 ease
715 1143 854 1187 testamur.

57 1225 91 1282 ut
105 1227 201 1281 dicere
215 1227 334 1280 solemus
349 1227 486 1293 proptretia
507 1226 606 1290 Dauid,
623 1225 762 1296 prophetia
777 1225 855 1280 lere-

56 1321 131 1381 ttrire,
146 1318 320 1388 Eraugclinrn
334 1319 463 1384 llnttbni,
476 1320 649 1389 Evangelium
665 1318 792 1384 loannis,
805 1333 858 1372 ca·

57 1420 198 1478 trstesque,
214 1410 259 1479 qui
274 1410 354 1480 bujus
366 1413 404 1466 roi
421 1411 523 1465 bonore
533 1411 680 1465 lloruerunt
696 1428 703 1463 ε
721 1409 796 1464 itaet
810 1425 856 1464 te-

56 1501 153 1556 ritstet
175 1502 363 1565 enuntiamus,
389 1502 495 1571 ortantlo
518 1502 633 1571 pratitas
653 1498 711 1570 ejus
727 1516 774 1571 per
787 1501 858 1556 torti-

910 420 1013 465 mentes
1024 426 1038 465 a
1051 412 1106 469 Deo
1116 427 1168 468 non
1181 414 1329 490 intelligunt
1343 418 1487 488 accepisse.
1503 420 1556 476 llus
1568 424 1701 491 paulisper

909 501 1053 573 interrogo,
1070 521 1151 574 quare
1166 523 1217 561 non
1233 517 1296 563 sunt
1309 510 1419 577 garruli,
1435 528 1495 566 cum
1508 517 1699 584 supervenien-

908 592 979 648 tibus
992 593 1064 650 curia
1078 596 1182 664 stupida
1200 599 1380 652 taciturnitate
1393 603 1532 657 constricti
1548 609 1630 657 sunt?
1647 606 1700 660 lic·

909 684 1020 756 ligantes
1033 689 1104 744 eninr
1120 691 1208 745 tultus
1225 691 1251 745 in
1265 700 1376 756 terram,
1392 694 1518 748 claudunt
1532 697 1597 750 osia
1615 697 1701 753 lubio·

910 794 983 846 tum;
999 790 1025 834 et
1040 790 1165 853 tanquam
1182 782 1298 854 linguam
1316 785 1496 851 protulerint.
1520 788 1558 843 sic
1579 791 1700 846 coutinuis

909 869 1041 925 urentibus
1069 873 1266 929 obmutescunt.
1295 876 1369 929 tttlle
1397 879 1583 947 aegritudinum
1613 885 1702 936 turios

908 974 1001 1027 casus3
1024 970 1053 1016 ut
1074 960 1228 1031 frequenter
1249 979 1301 1018 oon
1324 964 1359 1018 sit
1384 965 1494 1020 itlouaus
1515 968 1604 1023 cibum
1624 980 1700 1037 pete-

908 1065 956 1116 ra,
984 1049 1030 1119 qui
1055 1051 1197 1107 ridebatur
1222 1052 1256 1107 de
1284 1054 1416 1110 labiorum
1445 1071 1475 1112 se
1502 1070 1633 1125 potestate
1656 1061 1700 1129 jo·

910 1151 993 1197 ctare.
1011 1141 1084 1196 Tunc
1099 1143 1162 1209 ipsi,
1179 1147 1201 1198 si
1219 1157 1345 1213 possunt,
1361 1149 1449 1203 (licant
1467 1167 1474 1203 ι
1492 1149 1571 1204 Labie
1586 1163 1702 1206 nostr-ott

908 1231 980 1284 nobis
994 1242 1054 1285 sunt
1070 1248 1079 1286 :
1096 1231 1158 1297 Quis
1173 1247 1259 1288 notter
1280 1246 1315 1290 ert
1338 1237 1485 1294 Bourintttl
1500 1241 1570 1295 lstutl
1594 1252 1701 1309 autern,

910 1321 972 1388 Quia
997 1333 1082 1376 noster
1101 1333 1136 1378 rat
1153 1324 1298 1381 Dominus?
1311 1328 1507 1398 Sacrilegorunt
1528 1332 1608 1387 rerba
1625 1348 1703 1400 repc-

911 1419 1013 1467 tuntur.
1030 1414 1095 1481 Quae
1110 1415 1194 1485 ligura
1213 1416 1310 1471 diritur
1324 1417 1490 1490 antisagoge,
1503 1420 1528 1474 irl
1540 1431 1582 1478 est
1596 1432 1704 1478 contra·

910 1502 1004 1559 dictio.
1077 1532 1081 1538 ·

56 1592 156 1648 siluas
181 1604 273 1663 partes
297 1594 422 1648 bominis
446 1595 583 1649 mentibus
607 1593 719 1648 Domini·
733 1595 856 1664 largitate
947 1594 1020 1651 liert.
1042 1596 1068 1651 li.
1095 1594 1203 1668 Propter
1226 1599 1356 1654 miseriam
1379 1601 1502 1669 inopum,
1530 1612 1554 1659 et
1580 1607 1703 1676 gentittnu

56 1695 212 1751 prestatur.
225 1684 319 1739 Potest
329 1684 409 1739 etiam
422 1695 448 1739 et
459 1685 492 1740 ati
507 1685 628 1740 touaenrn
643 1680 767 1754 populum
782 1700 855 1741 conr·
872 1685 1058 1758 Bputtperutn,
1074 1704 1141 1742 narro
1151 1706 1296 1760 exsurgam,
1310 1691 1371 1746 dicit
1389 1693 1523 1751 Dominus.
1539 1696 1566 1751 ln
1583 1697 1624 1752 bis
1637 1699 1674 1754 tlu
1685 1719 1705 1749 i.

55 1785 184 1844 petertter
203 1776 305 1846 aptari,
325 1776 372 1847 qui
389 1778 467 1832 bottis
479 1778 637 1833 celestibus
651 1792 780 1832 vacuatus
795 1792 856 1832 cre·
909 1771 959 1833 but
981 1778 1103 1834 uersibus
1126 1780 1259 1835 subtiliter
1284 1780 1377 1837 Patris.
1393 1794 1420 1839 et
1444 1784 1504 1839 Filii
1529 1786 1700 1852 inspiciente

56 1867 127 1923 uere
149 1881 205 1922 non
230 1869 325 1936 uoluit,
349 1883 427 1939 quern
451 1878 585 1923 tantorum
610 1866 757 1922 ridentium
781 1869 856 1922 turba
913 1872 1260 1939 persnnaesun1,utriobis
1281 1874 1600 1946 intelligentinconiusio
1621 1882 1705 1949 posit

56 1959 241 2028 prophetarit.
908 1961 1018 2015 anterii.
1038 1960 1105 2016 Nam
1129 1972 1268 2033 postquam
1296 1971 1382 2033 arguit
1404 1981 1451 2020 cos
1474 1969 1518 2035 nui
1543 1969 1576 2022 rte
1597 1970 1703 2026 ltrrruini

96 2050 174 2105 ters.
196 2051 224 2103 2.
252 2048 323 2104 Vana
344 2050 422 2105 locuti
437 2061 496 2105 runt
517 2051 691 2122 unusquisque
713 2049 746 2104 oti
768 2048 855 2119 proxi·
909 2052 1046 2107 iurulendo
1060 2053 1189 2122 sunguine
1205 2064 1397 2119 tracon-erunt,
1415 2059 1487 2112 teuit
1506 2059 1541 2112 acl
1556 2060 1701 2116 serotinam

57 2158 129 2195 uara
141 2159 217 2196 trram
232 2159 242 2196 .·
257 2142 325 2196 tuitio
340 2143 429 2197 dolosa
442 2143 468 2197 iu
480 2145 566 2204 ende,
582 2151 607 2196 et
621 2143 698 2195 cortic
707 2141 786 2194 locuti
798 2149 857 2193 runt
911 2151 1030 2211 partem,
1045 2143 1070 2194 iu
1085 2157 1137 2212 qua
1152 2146 1279 2211 propbeta
1296 2159 1362 2199 trice
1378 2146 1463 2200 l'auis
1478 2153 1701 2206 reurrrctlunem

63 2236 144 2287 nala.
160 2233 248 2300 Varro,
260 2235 324 2288 laisa
337 2233 478 2303 siguificat,
486 2233 561 2304 juxta
574 2232 639 2288 illutl
651 2231 722 2302 qnod
735 2233 857 2298 superius
914 2235 1045 2304 protttittit
1061 2234 1165 2288 Dornitti
1189 2234 1344 2292 saltaturis.
1364 2239 1456 2292 Aliena
1474 2243 1547 2295 enim
1563 2242 1643 2296 tcrlta
1659 2258 1702 2298 re-

61 2325 141 2391 duit,
154 2327 290 2380 diuinare
299 2335 358 2379 runt
369 2328 486 2394 ueritates
498 2341 514 2378 a
525 2324 587 2392 filiis
596 2324 739 2389 lominum,
751 2321 857 2392 uuatttlu
909 2326 980 2382 ierre
992 2341 1144 2396 possumus,
1155 2342 1216 2383 cunr
1230 2339 1316 2384 tameu
1330 2345 1451 2399 pet-soum
1463 2344 1561 2387 nostrae
1573 2350 1625 2388 nrm
1641 2352 1700 2389 mn.

66 2434 162 2477 contra
181 2422 321 2489 Dominum
337 2420 474 2476 Cbristunt
489 2420 639 2474 testimonia
652 2417 817 2496 querebant,
832 2426 857 2469 rt
913 2428 1000 2473 tamus
1022 2417 1169 2489 eloquium.
1194 2419 1377 2494 intelligamus
1400 2433 1488 2477 autrnt
1514 2441 1572 2494 utrm
1598 2427 1634 2480 sit
1660 2428 1703 2482 bic

63 2513 227 2582 tentetipsos
240 2513 328 2582 pravis
344 2511 570 2566 susurrationibus
583 2511 746 2565 excitabant.
764 2507 856 2562 Proui·
914 2509 1000 2578 pietas
1015 2507 1160 2573 creatoris,
1173 2511 1280 2578 quando
1296 2522 1400 2583 propter
1414 2517 1540 2568 utiterinm
1551 2517 1665 2582 inopum,
1678 2528 1704 2574 et

60 2624 116 2661 sior
135 2618 227 2662 antem
251 2607 401 2677 signiticat,
417 2621 470 2660 non
494 2618 548 2660 tam
568 2607 728 2676 cognatione
750 2606 857 2676 generis
910 2600 1030 2668 pertritum
1041 2616 1184 2671 pauperum
1195 2601 1355 2655 clurillrntus
1366 2616 1406 2658 est
1418 2604 1547 2660 [tortrious
1557 2605 1700 2661 Christus:

60 2713 140 2765 quiin
152 2698 265 2752 sceleris
287 2698 491 2766 participatione
504 2697 634 2752 sociatos.
645 2695 711 2750 Nam
726 2694 796 2762 ound
817 2695 857 2750 di·
909 2706 942 2746 ne
957 2691 1016 2760 ejus
1030 2691 1124 2748 fideles
1139 2691 1240 2746 diutina
1256 2694 1426 2750 tribulatione
1445 2690 1637 2767 grumrentttr.¹
1648 2695 1703 2751 Er·

62 2794 109 2853 eit,
124 2791 151 2841 irr
166 2788 262 2854 corde,
276 2798 300 2842 et
313 2789 412 2842 corde:
429 2789 535 2856 quoties
550 2783 672 2841 rolumt'ts
686 2787 796 2841 dolosus
810 2801 857 2840 ert-
907 2798 1028 2853 surgunt,
1054 2781 1236 2852 meurpboriee
1263 2783 1362 2838 dictum
1389 2796 1430 2841 cst
1456 2788 1529 2841 illum
1556 2803 1703 2859 exsurgere

66 2883 141 2951 prin·
152 2895 200 2944 re,
224 2879 342 2950 duplicia
363 2895 455 2934 eorum
477 2879 557 2934 corda
579 2879 762 2944 declaraturus3
789 2879 858 2933 sient
908 2873 954 2943 qui
967 2872 1053 2926 urescit
1067 2872 1182 2926 bumana
1199 2870 1381 2928 imbecillitate
1392 2876 1530 2931 tcertbrre.
1543 2876 1595 2930 Srtl
1609 2891 1702 2932 etsnr·

64 2969 176 3027 lacobus
189 2971 257 3026 dicit
281 2989 288 3023 ε
309 2958 356 3024 l¹ir
377 2970 474 3041 duplex
496 2972 581 3024 animo
604 2973 751 3026 inconstans
772 2979 809 3023 ert
829 2971 855 3023 in
907 2978 967 3033 gant
982 2964 1057 3025 dicit,
1078 2965 1225 3033 apparebo,
1249 2971 1277 3017 et
1298 2965 1490 3020 manifestabor
1506 2967 1532 3021 in
1550 2967 1627 3022 Filio.
1641 2967 1700 3023 llut

63 3060 299 3115 nailmriitsat's
312 3058 386 3128 (lac.
401 3075 420 3124 t,
434 3059 477 3130 s).
493 3059 604 3127 mantio
616 3068 705 3115 sutem
721 3059 857 3127 rtuptnes
870 3055 895 3122 G
909 3058 980 3112 enim
1004 3055 1107 3120 rirtus,
1132 3064 1160 3110 et
1186 3054 1329 3110 indiscreta
1355 3055 1480 3126 niujoxtos
1505 3069 1556 3130 est.
1583 3063 1701 3130 Apparet

64 3156 185 3220 cupimus
207 3153 345 3219 indicare,
371 3168 452 3207 unum
473 3167 520 3208 eor
539 3153 565 3207 iu
584 3152 623 3207 eis
638 3167 698 3208 esse
714 3161 852 3216 testamur,
909 3146 980 3202 euim
1006 3155 1033 3200 et
1055 3146 1240 3220 toaniiesntttr
1264 3145 1343 3200 l‘atrr
1365 3148 1391 3202 in
1411 3147 1490 3213 titio,
1512 3151 1580 3204 sictut
1603 3153 1700 3218 ipsein

63 3245 128 3299 rictu
142 3246 170 3297 in
193 3243 304 3297 lctibus
322 3244 504 3312 apostolorum
526 3242 624 3314 legitur
647 3260 653 3294 r
677 3240 850 3295 linititnrlr'nr's
904 3236 959 3310 Ige
983 3236 1127 3306 Evangelio
1141 3235 1226 3291 dsscit:
1254 3236 1305 3304 Qui
1324 3239 1574 3304 circumactione
1594 3239 1700 3296 Potrrm

64 3347 146 3390 actm
160 3336 318 3389 credentium
339 3345 393 3390 erut
414 3349 552 3389 eorttrtttnt
566 3344 589 3386 et
603 3334 689 3387 animo
712 3348 763 3386 ttuo
777 3331 851 3403 (Act.
905 3326 1000 3398 (loon.
1018 3343 1071 3394 ιιι,
1088 3323 1135 3398 9).

68 3443 101 3493 tr,
112 3427 150 3483 δὲ
160 3426 182 3497 ).
196 3429 242 3481 Sic
255 3436 283 3481 et
296 3425 428 3494 bilingues
442 3424 568 3490 dicimus,
579 3425 624 3493 qni
638 3425 666 3477 iu
681 3438 732 3478 una
746 3431 854 3477 senten·
942 3415 1019 3471 Vera.
1039 3415 1065 3471 6.
1087 3414 1190 3470 Ponam
1212 3433 1288 3488 anper
1310 3418 1420 3472 solutari
1445 3435 1499 3473 uteo
1520 3434 1531 3475 ι
1547 3421 1702 3488 fiducialiter

67 3519 100 3571 tia
113 3519 226 3572 minime
239 3526 424 3586 perseverant.
448 3515 481 3570 Et
502 3515 606 3584 respice
630 3513 773 3584 praeiens
795 3529 852 3580 rus,
905 3522 980 3575 opum
995 3506 1020 3559 iu
1034 3521 1073 3559 eo.
1090 3504 1210 3561 satutare
1224 3522 1303 3561 suurn
1318 3508 1381 3562 tlioit
1392 3507 1472 3564 Pater
1485 3509 1600 3581 Verbum
1612 3525 1700 3578 suum,

68 3609 149 3679 qualis
163 3607 243 3662 luerit
255 3621 346 3663 secuta
359 3605 490 3663 sententia
506 3621 513 3659 :
528 3603 619 3658 locati
632 3612 693 3658 aaut
708 3603 793 3657 niolo..
802 3603 854 3658 lle·
906 3599 976 3671 quod
988 3607 1029 3653 est
1039 3613 1103 3653 caro
1115 3598 1224 3664 tactum,
1238 3615 1284 3669 per
1295 3599 1365 3667 nuorl
1379 3601 1430 3652 tito
1444 3602 1603 3656 nortatibus
1614 3605 1697 3667 verrit,

68 3715 139 3756 aare
164 3710 208 3755 est
230 3702 301 3754 enim
325 3710 353 3754 ut
374 3698 442 3753 mala
464 3697 648 3768 loquerentur,
672 3695 717 3765 qut
740 3694 854 3764 duplicia
906 3691 969 3744 tlum
984 3693 1072 3746 omnis
1086 3691 1199 3746 eretleus
1214 3692 1326 3746 salutem
1341 3691 1451 3761 copiosa
1468 3693 1589 3765 largitate
1602 3709 1701 3751 eonse-

68 3796 145 3847 omta
159 3793 308 3863 gestabant.
906 3785 1005 3854 quitur.
1022 3783 1054 3838 Et
1067 3783 1131 3855 quttl
1146 3798 1227 3854 super
1239 3799 1300 3839 eum
1316 3784 1410 3854 ponitl
1420 3785 1636 3844 consolationem
1649 3790 1702 3844 sci-

102 3880 225 3942 tam,
247 3882 382 3956 vesperam
399 3881 525 3937 Dumium
538 3885 654 3947 aspum
666 3881 734 3936 tatia
748 3880 852 3947 dotum,
908 3872 979 3939 lirot,
990 3890 1068 3944 quam
1080 3875 1203 3943 superius
1213 3874 1280 3928 dixit
1291 3875 1399 3945 inopum
1411 3887 1436 3931 et
1449 3891 1518 3945 paup
1528 3892 1593 3932 *rum
1607 3897 1614 3931 :
1628 3879 1699 3948 attint

70 3978 216 4049 pamm
234 3978 436 4048 mfflptoqpam,
453 3976 727 4045 sequrpufgenrenrta
742 3991 855 4046 genem.
908 3965 1019 4020 [tortriuo
1051 3964 1195 4021 saltatore
1212 3978 1378 4036 resurgente,
1407 3965 1528 4023 titletiuus
1544 3973 1700 4047 provenisse

71 4073 113 4137 ¹⁴3
126 4074 194 4127 pepp
213 4071 283 4127 ,0121
302 4071 359 4141 tege
374 4069 488 4134 sanciri,
503 4069 609 4139 [litando
624 4084 693 4123 unus
708 4076 812 4138 peccat,
827 4076 855 4123 οι
907 4055 1076 4112 mortiiesturn
1092 4065 1141 4110 est,
1159 4054 1328 4110 Fiduciniiter
1341 4073 1416 4128 agorn
1428 4066 1565 4125 :potestas
1579 4061 1700 4126 omnipo-

71 4162 217 4218 universale
237 4162 335 4217 malum
351 4162 481 4217 severitas
503 4161 667 4230 promulgata
683 4161 853 4215 condemnat.
907 4149 997 4203 tentiae
1012 4158 1129 4217 paterna
1144 4147 1310 4212 declaratur,
1331 4149 1392 4217 quit
1413 4161 1506 4202 revera
1528 4147 1571 4202 ille
1592 4149 1703 4217 fidrtcia·

72 4253 223 4326 Disputat,
244 4263 336 4310 eontra
351 4253 539 4308 adcurationem
564 4252 663 4308 dicitnr
684 4251 853 4316 Judaeorunu
908 4246 968 4299 liter
981 4245 1044 4315 opit,
1058 4243 1133 4310 cujus
1147 4241 1276 4296 voluntati
1291 4242 1379 4295 nullus
1391 4242 1516 4318 prevalet
1527 4241 1644 4297 obtiare.
1658 4241 1704 4297 sie

73 4354 98 4399 tt
119 4348 217 4416 passim
241 4355 361 4414 pereant,
384 4343 429 4415 qui
445 4343 471 4400 iu
485 4357 537 4398 uua
550 4336 582 4398 'se
596 4343 726 4413 pravitate
741 4343 854 4414 college·
908 4336 984 4392 etde
1005 4335 1112 4390 cbristo
1128 4336 1154 4389 in
1175 4334 1318 4397 Erutrretio
1340 4334 1441 4389 uictum
1464 4343 1504 4391 est
1525 4352 1533 4391 t
1558 4332 1621 4389 Erat
1634 4334 1702 4390 attint

73 4449 136 4492 ιιι.
161 4435 262 4506 Lingua
278 4450 342 4490 tero
357 4435 520 4506 magniloquo
541 4442 582 4489 est
602 4449 661 4502 quc
685 4435 735 4489 siui
755 4434 855 4503 aliquid
873 4429 1002 4504 gnorent
1016 4444 1060 4483 cot
1075 4423 1194 4494 tnnpunnt
1211 4436 1360 4480 notastntent
1375 4425 1487 4490 balent,
1512 4443 1563 4481 nott
1577 4437 1699 4496 tanquam

74 4540 167 4597 flagris
181 4524 323 4595 potcstatis
339 4526 465 4590 assumit;
487 4539 537 4581 nec
555 4524 678 4594 intelligit
694 4541 709 4578 a
730 4525 857 4580 creatore
910 4513 999 4572 scribto
1013 4533 1099 4571 eoram
1121 4525 1144 4569 et
1167 4517 1287 4586 ptrorirni
1302 4517 1311 4586 (
1325 4513 1419 4569 lintri.
1436 4515 1540 4585 rusti
1551 4514 1572 4583 l.
1588 4516 1640 4573 Sed
1657 4532 1704 4588 po-

76 4623 169 4686 hum,
181 4621 245 4676 tluttt
257 4626 371 4675 ereptus
382 4634 472 4673 rerum
483 4619 532 4673 sibi
544 4626 618 4688 putat
631 4633 691 4674 esse
703 4617 855 4687 subjectos3
912 4615 994 4662 tetius
1011 4607 1116 4671 Putria,
1141 4606 1199 4662 Filii
1216 4605 1310 4660 litlutir
1334 4615 1396 4671 esl;
1418 4606 1487 4661 sicut
1509 4605 1568 4661 Filii
1592 4607 1707 4675 ssrlttritt,

76 4713 135 4768 nat
146 4711 321 4782 tpoetypns
337 4710 370 4764 oe
388 4709 552 4765 tirrenum
565 4709 648 4764 arcti:
666 4708 728 4763 tut
740 4709 766 4762 n
777 4724 858 4762 romi
912 4704 1030 4767 potestus
1054 4707 1095 4751 εει
1121 4696 1223 4762 Patrios
1244 4695 1315 4765 ruod
1336 4699 1383 4750 ⁸0¹1
1400 4696 1524 4752 tritono
1540 4711 1588 4767 uo
1604 4698 1707 4754 utinm

75 4801 114 4854 ttn
125 4805 192 4872 paud
206 4810 261 4856 erat
275 4817 312 4854 ear
321 4801 409 4866 etuti,
425 4800 567 4869 ottonum
577 4815 671 4870 mnprrc
685 4800 694 4868 l
706 4799 786 4859 anor.
803 4815 855 4868 tu,

76 4891 119 4958 8),
133 4905 182 4947 ete.
202 4892 234 4946 Et
248 4906 282 4946 ne
297 4894 323 4946 in
338 4890 410 4947 bono
424 4891 540 4963 linguam
554 4891 744 4962 magniloquam
756 4891 858 4959 putuis-

75 4997 114 5037 trt
125 4988 257 5055 arripere,
273 4982 615 5050 promontoriorum.
631 4981 777 5038 Cortsitlrra
793 4997 857 5036 rero

76 5074 191 5140 pietatrttr
216 5074 344 5141 dicentis,
360 5074 431 5143 quod
448 5089 501 5129 non
518 5073 686 5137 bominibus,
701 5073 764 5141 atria
779 5072 856 5128 tnulti

74 5177 103 5219 et
122 5167 185 5233 ipris
205 5164 378 5222 cnarcrtendi
398 5174 491 5232 eraut,
513 5163 562 5219 tetl
584 5164 648 5233 ipis
670 5163 741 5219 titiis
756 5165 856 5233 inrpre·

74 5264 150 5308 catur.

106 5343 176 5400 iera.
197 5345 224 5400 l.
247 5343 300 5410 otti
320 5345 457 5399 dixerant:
475 5343 600 5415 Linguam
614 5353 726 5398 nostrum
739 5343 858 5413 magnii·

73 5437 187 5504 nnana,
201 5437 271 5489 tius
283 5445 401 5488 nostran
418 5443 561 5491 conatast
575 5451 584 5489 :
599 5437 654 5501 ptris
668 5443 753 5490 noster
770 5433 859 5490 votur·

73 5545 115 5581 ιιι
133 5532 189 5584 est?
210 5529 273 5584 lliot
288 5528 396 5597 exponit
411 5528 456 5600 qui
473 5530 498 5583 in
515 5530 651 5599 properis
672 5528 752 5585 rebus
775 5527 855 5583 nimir

73 5618 94 5671 t·
112 5623 223 5674 tir-itate
238 5630 388 5685 turgentes,
403 5620 515 5690 glorium
531 5632 606 5674 snum
623 5618 744 5674 exaltare
759 5633 859 5690 praesu·

913 4800 1017 4844 notura
1029 4801 1131 4843 certtun
1148 4800 1188 4842 est
1203 4789 1358 4842 contenire.

949 4880 1025 4936 l'ers.
1046 4881 1072 4934 'l.
1092 4877 1202 4948 Eloquia
1218 4879 1319 4934 Dourini
1334 4880 1434 4950 etoquia
1453 4890 1534 4937 carto.
1557 4881 1700 4952 rostqrrn

917 4972 986 5028 nitu
1000 4970 1080 5025 rerba
1095 4970 1192 5037 l’atris,
1207 4972 1300 5026 eadem
1316 4971 1371 5042 ipsa
1394 4970 1526 5027 laudamlo
1546 4971 1707 5037 ettnbrmat3

914 5078 976 5120 nam
990 5063 1030 5118 sic
1041 5063 1130 5116 orrrrria
1143 5062 1323 5132 contigerunt,
1334 5061 1558 5133 quenaomntnn
1575 5064 1705 5134 promissa

914 5166 1072 5215 uoscnntur.
1089 5156 1157 5226 Quiri
1172 5156 1224 5213 sint
1236 5171 1299 5227 ergo
1311 5156 1414 5228 donata
1428 5158 1543 5230 llotnitri,
1556 5160 1606 5217 tub
1618 5158 1707 5214 breri-

916 5259 971 5307 tate
985 5249 1127 5314 delinitur,
1144 5249 1171 5304 ld
1183 5259 1225 5305 est
1236 5251 1337 5320 eloquia
1351 5262 1431 5315 casta,
1446 5252 1569 5307 rilelioet
1582 5251 1707 5322 virginali

916 5343 1069 5415 integritate
1090 5342 1249 5411 purissima,
1263 5358 1323 5414 guas
1344 5344 1446 5398 nullum
1463 5343 1630 5399 mendacium
1646 5357 1707 5398 eor-

916 5443 1032 5505 rumput‚
1055 5435 1126 5488 nulla
1152 5435 1253 5490 macula
1275 5434 1614 5493 triumtabernarum
1638 5439 1709 5492 sicut

917 5527 1026 5582 castitas
1048 5525 1153 5595 igrttrrnt
1173 5527 1362 5598 pollutionem,
1380 5527 1413 5582 int
1430 5528 1530 5596 eloquin
1546 5528 1648 5583 bantini
1663 5546 1709 5585 ne·

917 5620 1001 5676 sciunt
1016 5631 1076 5672 cum
1092 5617 1181 5688 siqua
1196 5617 1275 5674 sorde
1291 5618 1408 5674 misceri.
1423 5618 1477 5678 scu
1493 5621 1543 5675 buc
1557 5635 1609 5675 nou
1625 5622 1712 5679 otiosa
