3794 6128
127 270 195 330 tldl
711 262 747 319 tl.
759 262 896 353 tltllldttl
913 261 1112 318 casstuttdttt
1684 248 1755 305 ilbi

123 389 189 443 dicit
200 406 207 443 ε
223 387 274 452 unt
288 385 378 439 celum
391 383 492 436 irretitur
502 383 598 455 pulmo,
610 390 632 435 et
644 390 739 434 terram
750 391 816 433 tenet
825 377 951 447 ciaesnp
963 377 1115 431 considerat
1137 373 1325 444 ‹pitantitttenn
1351 369 1493 423 Abstraeta
1518 364 1591 418 etaim
1620 367 1756 432 comitas

124 497 201 535 trinus
216 479 292 550 (lsai.
308 493 353 540 st,
376 476 430 545 lh).
455 474 557 528 Rursus
579 483 701 528 creatura
718 473 762 526 ltet
788 473 914 536 urebatur
964 470 1163 536 dieitur,r1uam
1179 464 1315 519 intellectu
1330 477 1345 516 n
1359 460 1468 514 materia
1482 466 1654 525 separante,
1669 457 1710 509 vel
1723 456 1759 555 ab

125 575 192 627 lactu
207 571 256 625 sub
273 570 402 636 providere3
418 569 487 623 sicut
501 569 537 620 ait
556 569 582 620 iu
598 566 751 622 Proverbiis
765 565 912 620 Salomon:
964 562 1025 616 aliis
1039 558 1233 621 accidentibus,
1249 559 1306 609 sula
1321 552 1524 607 ratiocinatione
1540 559 1701 603 tractamus.
1714 548 1756 602 stc

126 664 158 717 ιι
177 662 285 716 lidrulut
306 665 386 732 [untes
407 673 547 729 equarum,
564 670 590 715 et
606 660 686 730 paulo
701 671 781 728 post:
806 659 914 725 Quando
965 655 1046 707 totius
1061 645 1495 718 colurninisordoquasiquodam
1509 640 1757 714 vadeled.,rado1

124 754 283 825 appendebat
308 753 475 821 [urtdumentu
499 761 656 816 terroe,sttttt
675 766 705 806 eo
725 766 796 802 cram
821 747 914 817 (Pron.
966 743 1113 815 pumtnlssus
1127 749 1178 797 esi.

124 861 183 909 vrri,
195 845 241 909 28,
252 843 309 915 ιι).
319 844 495 911 Quapropter,
504 840 636 911 operebci
647 840 848 909 singularizato,
860 855 916 893 trra·
1000 834 1075 889 lirrnc
1085 831 1308 903 quemadmodum
1328 827 1444 897 pollicita
1456 834 1531 894 snut,
1547 840 1596 894 per
1611 824 1760 880 dir-tumes

124 936 228 1004 uuillen·
243 951 286 990 res
301 934 449 989 necessaria
470 931 624 988 delinitione
638 933 871 1003 conclusacsunl;
887 938 916 985 ut
965 929 1188 997 definitionesque
1210 939 1283 991 suas,
1308 924 1420 978 botniuo
1439 921 1565 992 intrante,
1588 917 1757 974 reomau:

125 1025 195 1080 sieut
208 1041 269 1081 cnm
285 1023 373 1079 oraturia
394 1024 546 1080 condidisse
560 1023 705 1088 eredimus,
724 1022 761 1077 ln
775 1031 804 1079 el
821 1036 915 1092 quem·
965 1021 1027 1091 quia
1040 1019 1137 1087 duplet
1149 1015 1344 1087 quodammodo
1353 1013 1475 1068 discendi
1488 1027 1574 1082 genus
1585 1021 1642 1079 est,
1651 1010 1759 1080 usands

125 1118 268 1172 adutodum
281 1118 347 1172 iacta
362 1125 422 1171 surtl
438 1115 606 1185 alitpratenns
621 1113 797 1170 disceremus.
966 1121 994 1165 et
1005 1109 1109 1164 linealis
1127 1107 1272 1176 descriptio
1287 1105 1381 1161 inrhuit
1400 1103 1543 1174 diligenter
1566 1111 1718 1171 aspectam,
1730 1104 1760 1156 el

152 1202 240 1265 'diade
259 1208 338 1263 datur
355 1205 468 1275 intelligi
492 1209 562 1261 rttala
576 1220 657 1276 opera
672 1201 771 1259 diaboli
786 1217 836 1259 nce
850 1216 917 1270 pon-
966 1216 1015 1272 per
1026 1199 1091 1272 led,
1112 1213 1161 1269 pos
1174 1196 1182 1269 l
1196 1198 1300 1251 attrium
1322 1204 1498 1265 praeparatum
1520 1194 1606 1248 intrat
1630 1191 1755 1247 anditum.

126 1300 201 1364 dere,
219 1315 269 1354 nec
281 1314 417 1367 mensura,
434 1311 485 1352 nec
498 1313 612 1352 nurnero
622 1293 756 1352 contineri
768 1312 776 1347 ι
790 1292 916 1364 quostiam
968 1292 1023 1347 lice
1038 1292 1102 1346 illud
1115 1304 1222 1359 iitroque
1237 1287 1394 1351 tacebimus,
1409 1285 1506 1356 quihus
1527 1283 1687 1339 attmnribus
1707 1292 1755 1337 tam

127 1386 254 1457 quidquid
275 1387 329 1455 agit
350 1385 618 1455 iniquitas,1ustiti:e
640 1400 747 1455 semper
772 1385 916 1441 adversum
969 1384 1073 1440 Grecis
1098 1397 1177 1454 quum
1200 1380 1312 1446 bacinis,
1338 1394 1399 1449 qtrcc
1417 1379 1543 1443 dicimus,
1565 1377 1690 1447 expett·
1709 1377 1757 1430 ela·

127 1489 184 1544 est;
201 1478 270 1532 sicut
282 1487 308 1532 et
327 1477 422 1532 tertius
442 1477 563 1533 decimus
588 1476 709 1533 Psahnus
724 1475 856 1542 meminit,
878 1474 918 1529 di·
969 1483 1096 1541 murnum
1112 1481 1142 1528 ut
1155 1474 1201 1544 qui
1212 1472 1332 1526 studiose
1347 1471 1436 1539 legere
1456 1469 1582 1532 uoluerit,
1599 1468 1754 1538 utribnsdan

129 1585 193 1625 cens
206 1588 212 1623 :
227 1570 350 1624 contritio
363 1577 387 1624 el
400 1569 538 1637 infeliciter
548 1569 575 1622 itt
589 1569 637 1622 uiis
648 1583 748 1632 eoruut,
760 1575 785 1621 et
796 1566 861 1622 ut'em
872 1583 918 1636 pu·
968 1565 1133 1637 compendiis
1146 1565 1220 1639 [ems.
1239 1563 1303 1633 lieu.
1317 1571 1341 1616 et
1355 1560 1449 1631 Sanp,
1462 1557 1666 1632 competentiis]
1680 1560 1757 1614 intro·

128 1664 166 1716 cis
189 1678 238 1715 nou
260 1669 430 1730 represserant
445 1677 455 1716 :
470 1669 572 1715 nonme
586 1661 661 1714 timor
681 1658 730 1714 Dei
750 1670 811 1714 aute
831 1662 919 1713 oculos
969 1658 1075 1726 mnus,
1091 1658 1203 1714 lucidius
1219 1655 1269 1725 rmtj
1283 1669 1348 1708 trttnt
1363 1654 1433 1708 dicta
1449 1653 1594 1724 percipiat.

129 1768 216 1804 rorum
241 1750 327 1820 (Paul.
347 1766 405 1818 atvt,
430 1750 468 1822 3).
498 1751 579 1806 tratas
591 1765 697 1821 quoque
712 1751 797 1806 dicit:
815 1749 955 1824 [lorch-13

129 1850 244 1910 spuerunt
265 1840 348 1894 Deum
367 1841 494 1905 Sabaoth,
518 1849 546 1895 el
569 1839 773 1895 ambulaverunt
800 1840 917 1910 perviis

129 1931 267 1988 distortus.
285 1933 385 1988 lietera
401 1933 532 1988 mirabills
552 1943 579 1989 et
598 1946 703 1988 summe
715 1934 822 2002 sepiens
836 1935 917 2000 boue,
934 1935 939 1942 ·

130 2028 175 2096 uui
187 2043 282 2082 ortvucs
297 2039 432 2083 creaturas
446 2042 508 2083 suas
522 2027 650 2098 singulari
663 2027 847 2084 moderatione
862 2027 916 2084 dis·

130 2123 226 2190 tinxit,
243 2139 276 2178 ne
295 2123 393 2194 aliquid
408 2139 500 2179 corum
525 2124 595 2180 loeda
618 2124 739 2180 conlusio
760 2126 917 2194 possideret.

131 2215 208 2271 Unde
222 2212 301 2270 Pater
314 2216 477 2285 hergetstiuus
492 2217 518 2270 iu
532 2216 602 2271 libro
616 2233 640 2270 tv
655 2218 688 2272 de
703 2217 799 2273 Genesi
823 2217 856 2271 al
876 2216 918 2271 lit·

131 2317 216 2361 teram
229 2308 403 2362 tuinutisshne
417 2309 571 2377 disputavit.

167 2399 245 2454 llodo
260 2399 314 2468 jam
329 2400 439 2454 secundi
454 2400 596 2455 voluminis
612 2401 742 2456 intremus
755 2401 841 2466 initia,
858 2416 920 2472 qne

133 2491 212 2552 paulo
227 2490 380 2559 diligentius
394 2491 531 2547 audiamus
545 2490 607 2566 [llic
621 2493 745 2564 incipiunt
755 2510 817 2549 mss.
831 2492 917 2565 redi:

132 2579 251 2636 intentus
265 2581 341 2636 nubis
355 2593 395 2637 est
404 2582 437 2639 de
448 2591 505 2638 arte
517 2585 702 2652 gratulatatica,
718 2584 775 2639 sive
787 2584 920 2640 rhetorica

134 2670 175 2725 vel
191 2671 224 2726 de
237 2672 383 2740 disciplinis
404 2673 493 2742 aliqua
512 2673 631 2728 breviter
649 2674 716 2729 relte
734 2676 918 2743 conscribere;

132 2778 244 2831 tptttlruut
253 2780 343 2819 rernm
355 2766 482 2836 principia
493 2781 603 2824 necesse
612 2777 652 2824 est
663 2783 712 2824 nos
722 2767 865 2836 inchoare;
878 2770 919 2824 di·

131 2854 300 2925 crudumque
312 2858 385 2926 prius
397 2864 437 2911 est
451 2857 485 2912 de
499 2858 747 2929 antegrammatiea,
759 2874 818 2928 qnae
829 2870 870 2914 cst
882 2861 921 2915 vi·

134 2942 229 3000 delicet
246 2948 320 3016 origo
334 2957 362 3002 et
376 2946 579 3003 fundamentum
596 2949 744 3004 liberalium
760 2950 918 3006 litterarum.

169 3035 248 3092 Liber
260 3048 347 3091 autern
359 3037 446 3093 dictus
460 3048 527 3093 esta
544 3038 623 3104 libro,
640 3039 665 3094 id
682 3048 723 3094 est
737 3040 840 3095 arboris
857 3056 920 3095 cor·

136 3124 187 3181 tice
199 3126 307 3196 dempto
319 3137 397 3198 atque
408 3126 533 3194 liberato,
547 3130 592 3183 tabi
613 3140 675 3185 ante
694 3132 797 3198 copiam
820 3133 922 3187 cltarta·
936 3135 960 3199 c

135 3230 193 3269 rum
222 3217 323 3285 antiqui
351 3218 468 3272 earmina
500 3219 697 3275 describebant.
724 3221 798 3276 Scire
833 3231 923 3278 autem

106 3358 110 3365 ,
134 3303 273 3370 debemus,
287 3307 356 3359 sicut
376 3306 461 3361 Varro
484 3309 558 3372 dicit,
574 3311 693 3364 utilitatis
717 3311 830 3382 alicujus
844 3327 924 3370 causa

134 3392 254 3448 omnium
269 3395 365 3449 artittm
377 3398 512 3452 exstitisse
528 3399 668 3470 principia.

172 3485 223 3538 Ars
238 3485 383 3540 verodicta
408 3494 460 3554 est,
475 3488 547 3558 qtrod
573 3504 621 3545 rtos
646 3490 703 3546 suis
718 3492 816 3562 regulis
839 3502 926 3549 arctet

137 3573 218 3644 559
237 3584 316 3644 atque
335 3577 511 3649 constringat.
541 3579 593 3633 dlii
609 3581 700 3635 dicunt
722 3597 736 3636 a
760 3583 859 3639 Grmeis
874 3584 925 3640 hoc

137 3673 249 3720 tractum
265 3680 326 3722 esee
340 3668 508 3735 vocabulum,
524 3674 575 3730 ἀπὸ
587 3676 746 3750 reciperer,
762 3677 787 3732 id
798 3679 926 3734 eslavir-

103 3764 107 3771 ·
137 3763 195 3811 tute
207 3754 343 3826 doctrina,
360 3775 438 3830 quarn
454 3761 546 3818 diserti
559 3763 609 3819 viri
628 3766 835 3839 uniuscuiusque
849 3769 926 3826 boue

138 3853 177 3907 rei
192 3855 331 3910 scientiam
348 3869 457 3916 vocant.

171 3943 295 4000 Secundo
314 3948 347 4002 de
363 3959 420 4004 arte
441 3949 583 4017 rhetorica,
604 3963 788 4024 quapropter
809 3955 924 4011 nitorem

136 4037 285 4106 aucupiam
300 4039 459 4110 eloquentiae
470 4056 537 4109 sue,
549 4045 665 4100 murinae
678 4045 705 4101 itt
717 4046 843 4103 civilibus
854 4063 928 4117 uua·

139 4127 281 4197 saionibus,
308 4133 460 4187 neccssaria
483 4132 562 4190 niveis
577 4143 604 4189 et
626 4135 792 4193 honorabilis
807 4138 927 4193 estivna·

138 4226 192 4273 tur.

173 4307 264 4363 Tertio
297 4311 331 4364 de
353 4309 460 4381 logica,
487 4328 546 4382 qun
572 4313 711 4370 dialectica
745 4326 924 4386 nuncupatur.

139 4398 210 4464 llaec,
229 4412 355 4469 errantum
383 4407 499 4474 magistri
527 4408 670 4463 seculares
704 4408 807 4472 dicunt,
831 4409 925 4479 dipu-

138 4577 222 4631 falsis.

172 4668 273 4735 Quarto
283 4670 316 4726 de
329 4673 599 4745 mathematicam
611 4686 724 4746 quatuor
735 4679 925 4749 complectitur

136 4755 301 4829 disciplinas,
312 4760 338 4816 id
353 4771 394 4817 est
406 4763 826 4836 arithmeticamgeometrieam,
842 4766 926 4825 musl-

136 4861 195 4901 eam
218 4858 246 4904 et
259 4851 476 4909 astronomicam.
492 4853 576 4922 eram
598 4856 813 4912 mathematicam
828 4859 924 4915 Latino

135 4950 260 4994 sermone
273 4940 448 4998 doctrinalem
470 4959 609 5014 possumus
627 4948 779 5016 appellare,
799 4965 853 5019 quo
873 4966 923 5004 nn·

135 5027 209 5084 tuine
223 5030 284 5085 lieet
305 5032 395 5087 omitia
415 5034 572 5091 doctrinalia
583 5036 671 5093 dicere
692 5039 829 5094 valeamus
848 5056 923 5109 qute-

136 5135 240 5190 cunque
254 5121 351 5178 docent
375 5124 432 5180 hacc
446 5127 496 5182 sibi
509 5138 598 5184 tamen
612 5144 755 5184 commune
766 5130 922 5185 vocabulum

137 5220 245 5279 vtropter
270 5226 345 5267 arram
366 5216 554 5271 excellentiam
579 5218 686 5288 proprie
705 5218 869 5284 vindicavit;
895 5230 924 5275 ut

135 5299 218 5356 Poeta
239 5301 336 5370 dictus,
359 5306 515 5376 intelligitur
537 5307 676 5378 Virgilium
692 5309 788 5362 llrator
801 5309 923 5365 enuntia·

137 5399 190 5456 tus,
205 5392 352 5448 advertitur
366 5394 477 5461 Cicero;
499 5397 620 5465 quamvis
645 5398 721 5453 multi
741 5408 769 5453 et
791 5409 878 5469 poetae
896 5410 923 5456 et

136 5492 256 5540 oratores
282 5487 307 5540 ht
337 5486 428 5541 Latina
461 5488 547 5560 lingua
572 5505 632 5545 csso
659 5489 820 5558 doceantnr;
852 5493 921 5562 quod

135 5571 216 5628 ctiam
229 5576 262 5630 de
275 5576 389 5633 ilumero
401 5587 480 5648 atque
492 5580 670 5639 Demosthene
684 5581 788 5638 Gracia
810 5581 938 5638 tacuuda

92 5672 98 5681 ·
135 5665 312 5721 sutricelubrat.

173 5751 357 5817 llathentatica
382 5777 445 5820 vero
474 5773 515 5822 est
541 5765 650 5822 scientia
681 5780 738 5836 que
761 5766 921 5823 abstractam

138 4487 281 4544 talionibus
294 4492 474 4549 subtilissimis
487 4510 519 4551 ac
534 4496 658 4553 brevibus
671 4514 732 4553 tera
745 4509 923 4567 seqttestreta
940 4507 966 4566 Β

1206 1814 1333 1877 CAPUT
1356 1808 1524 1876 Plllltlltl.

1040 1941 1242 1991 monteauro
1260 1942 1310 1990 ott
1328 1941 1425 1990 snas
1443 1937 1708 1988 assumentes.

1005 2070 1181 2126 Grammatico
1199 2065 1323 2121 alitteris
1341 2079 1437 2119 nornen
1457 2061 1573 2131 accepit,
1589 2061 1661 2115 sicut
1680 2074 1757 2113 voca·

970 2161 1024 2218 buli
1047 2161 1131 2230 ipsius
1146 2158 1282 2215 derivatus
1306 2171 1389 2212 sunus
1412 2154 1546 2219 ostendit,
1573 2166 1642 2223 quas
1663 2151 1759 2221 primus

970 2253 1089 2308 omtrium
1104 2250 1220 2304 Cadmus
1233 2248 1369 2304 sexdecim
1386 2256 1487 2300 tanturn
1503 2243 1603 2314 legitur
1615 2241 1756 2303 invenisse,

969 2359 1069 2414 easque
1084 2342 1184 2398 Graccis
1203 2339 1409 2398 studiosissimis
1431 2336 1552 2405 tradens,
1578 2335 1698 2403 relicuas
1713 2334 1757 2403 ipsi

970 2436 1111 2492 vivacitate
1132 2433 1214 2487 animi
1236 2430 1438 2501 suppleverunt.
1454 2427 1493 2483 be
1508 2442 1624 2498 quarum
1641 2423 1758 2479 formulis

970 2537 1050 2597 atque
1063 2524 1218 2591 virtutibus,
1234 2494 1351 2579 tleleoui
1368 2532 1446 2592 atque
1458 2519 1613 2576 Priscianus
1629 2515 1758 2572 subtiliter

970 2619 1060 2674 Attico
1075 2632 1201 2672 sermone
1212 2615 1293 2670 locuti
1305 2624 1378 2669 sunt.
1392 2611 1576 2668 Grammatica
1587 2626 1653 2664 vero
1665 2616 1707 2663 est
1716 2622 1756 2676 pe·

971 2710 1031 2765 ritia
1047 2708 1159 2777 pulchre
1171 2706 1298 2777 loquendi
1318 2720 1350 2759 ex
1369 2702 1454 2772 poetis
1473 2701 1636 2767 illustribus,
1651 2701 1757 2753 oramu-

971 2803 1074 2872 busque
1088 2801 1172 2874 [mas.
1188 2794 1354 2869 auctoribus]
1367 2796 1491 2851 collecta.
1505 2793 1632 2849 Oilicium
1647 2789 1704 2862 eins
1718 2801 1755 2845 est

971 2893 1029 2947 sine
1044 2891 1109 2944 vitio
1121 2889 1267 2945 dictionem
1286 2886 1418 2955 prosalem
1440 2883 1634 2951 metricamque
1654 2895 1755 2949 compo

972 2998 1045 3039 nere.
1063 2982 1135 3036 Finis
1149 2995 1214 3035 vero
1224 2979 1339 3034 elimata
1350 2977 1491 3033 locutionis
1504 2976 1546 3031 vel
1560 2975 1756 3046 sciptuneiu·

973 3071 1099 3140 culpabili
1114 3071 1217 3139 placere
1234 3066 1339 3138 peritia.

1008 3162 1061 3218 Sed
1080 3163 1203 3232 utramvis
1221 3167 1346 3217 auctores
1366 3157 1536 3227 superiorum
1561 3167 1713 3226 temporum
1730 3153 1757 3208 de

975 3265 1033 3309 arte
1047 3251 1221 3323 grammatica
1236 3249 1332 3305 ordine
1344 3249 1451 3306 diverso
1464 3247 1757 3313 tractaverint,sui=une

975 3345 1080 3398 suculis
1096 3344 1206 3397 honoris
1221 3341 1302 3397 decus
1317 3339 1467 3403 habuerint,
1482 3349 1511 3394 ut
1533 3339 1684 3400 Palaemon,
1697 3336 1756 3391 Pht-

974 3448 1037 3499 cas,
1059 3432 1161 3487 Probus
1173 3442 1202 3488 et
1223 3431 1396 3496 Censorinus,
1424 3428 1501 3484 nobis
1519 3438 1611 3482 tamen
1629 3427 1715 3495 placet
1733 3425 1753 3476 iu

976 3525 1093 3581 medium
1108 3524 1242 3579 hortatum
1253 3519 1397 3586 edacem
1412 3521 1457 3590 qui
1470 3529 1497 3575 et
1506 3520 1598 3586 pueris
1612 3516 1756 3586 specialiter

975 3625 1066 3685 aptus,
1081 3624 1109 3671 ct
1122 3613 1253 3671 tironibus
1268 3614 1395 3684 probatur
1406 3610 1606 3666 accommodus.
1621 3608 1705 3679 Cujus
1715 3622 1755 3677 ge·

976 3707 1048 3761 mina
1060 3712 1211 3762 commenta
1222 3703 1391 3774 reliquimus,
1407 3709 1529 3770 utsupra
1542 3700 1617 3771 quod
1634 3701 1695 3768 ipse
1708 3699 1753 3768 pla-

977 3812 1026 3852 nus
1038 3794 1096 3868 [ms.
1110 3794 1234 3865 Semper„
1249 3777 1369 3864 Latium]
1381 3800 1438 3857 est,
1454 3789 1500 3844 hat
1511 3790 1612 3846 etnim
1626 3786 1753 3858 duplicher

976 3885 1146 3956 explanatus.
1174 3882 1228 3939 Sed
1254 3891 1282 3938 el
1306 3890 1429 3936 sattcluut
1458 3882 1638 3950 angustinum
1660 3888 1752 3950 propter

975 3975 1174 4046 simplicitatem
1189 3975 1303 4029 fratrum
1319 3972 1437 4028 breviter
1453 3972 1653 4037 instruendam,
1679 3971 1751 4038 alium

976 4065 1011 4121 de
1020 4065 1115 4121 eodem
1131 4062 1208 4119 titulo
1222 4061 1364 4132 scripsisse
1378 4062 1540 4131 reperiunda,
1562 4077 1624 4130 erre
1638 4057 1710 4115 rathis
1724 4057 1748 4110 lc·

976 4155 1093 4214 tutanda
1105 4155 1279 4225 reliquimus:
1289 4168 1323 4210 ne
1334 4153 1399 4225 quid
1408 4152 1519 4209 rudibus
1528 4155 1625 4207 deesse
1638 4151 1751 4211 rideatur.

976 4246 1022 4319 qui
1035 4248 1069 4302 ad
1083 4255 1164 4302 mutae
1176 4244 1296 4303 scientie
1309 4243 1425 4302 eulmina
1440 4254 1637 4314 preparantur.

1013 4382 1131 4438 linteatus
1145 4381 1226 4453 igitur
1240 4380 1268 4436 ln
1281 4379 1398 4435 secunda
1409 4386 1485 4451 parte
1497 4379 1535 4434 ita
1549 4376 1690 4449 disceptat.

1029 4495 1068 4549 lle
1082 4507 1149 4549 voce
1163 4491 1314 4548 articulata.

1031 4583 1070 4639 lle
1083 4582 1184 4639 littera.

1030 4672 1069 4728 lle
1078 4673 1190 4743 syllaba.

1032 4762 1070 4816 Dr
1086 4763 1210 4832 pedibus.

1032 4851 1069 4906 be
1084 4852 1250 4909 accentibus.

1031 4943 1067 4997 lle
1081 4943 1208 5012 posituris
1221 4957 1268 4998 seu
1282 4940 1507 4997 distinctionibus.

1030 5036 1063 5092 ltt
1076 5037 1170 5090 iterum
1185 5033 1220 5088 de
1232 5031 1353 5101 partibus
1367 5031 1498 5087 credonis
1508 5037 1579 5086 octo.

1029 5127 1067 5182 be
1082 5123 1274 5180 schematibus.

1030 5217 1069 5274 De
1082 5215 1261 5288 etymologiis.

1030 5309 1068 5364 lte
1080 5305 1281 5376 orthographia.

1013 5398 1070 5454 Vox
1084 5396 1222 5452 articulata
1233 5406 1275 5452 est
1287 5411 1334 5452 aer
1348 5408 1503 5467 percussus,
1517 5393 1650 5451 sensibilis
1660 5387 1743 5450 solue

978 5497 1106 5559 quantum
1118 5487 1144 5540 iu
1156 5487 1213 5554 ipso
1225 5495 1278 5541 est.

1013 5579 1113 5633 Littera
1128 5586 1169 5633 est
1184 5590 1245 5645 pars
1257 5574 1367 5631 minima
1381 5574 1458 5631 rocis
1470 5575 1629 5630 articulata.

1011 5669 1118 5743 Syllaba
1142 5676 1184 5723 est
1206 5666 1413 5739 comprehensio
1435 5667 1597 5734 litterarum,
1620 5664 1659 5721 rel
1682 5655 1743 5714 tttt'll⁵

976 5765 1074 5823 suculis
1087 5762 1244 5829 enuntiatio,
1260 5771 1408 5833 temporum
1423 5776 1518 5832 capas.

965 5851 985 5887 0
