3802 6120
107 239 159 298 true
544 233 723 291 expostulo
742 233 774 289 lb
795 234 1023 291 ussuruututt.
1046 234 1142 290 PSbL.
1165 236 1294 294 LXXXV.
1699 239 1750 294 (ild

107 351 333 424 cupieruntonpeli
342 350 485 423 prospicere
495 346 522 420 (1
533 347 604 404 Petr.
618 364 636 416 ι,
648 347 703 418 li).
714 346 763 415 Qut
777 345 798 400 si
811 360 899 414 nqua-
914 350 938 408 Α
952 347 1008 398 titro
1021 347 1052 399 de
1067 344 1129 399 caelo
1141 355 1285 414 prospero,
1307 349 1415 416 putando
1433 347 1550 404 brrntano
1569 349 1661 422 generi
1677 350 1748 421 peri·

109 452 142 500 tis
156 454 312 512 nnnesset,
333 459 386 499 nun
408 445 434 498 in
460 443 592 514 baptimo
607 443 634 496 in
659 440 768 495 nomine
794 437 905 492 boitatis
956 439 1058 494 clitanti
1082 438 1164 493 lilius
1188 439 1233 492 ltei
1256 439 1369 493 mirabili
1391 441 1590 511 dispensatione
1614 443 1750 498 subvenit.

109 538 182 594 ttnrt
198 548 224 592 et
246 536 316 592 rutro
340 535 566 591 reverendissimo
587 534 690 588 lroutlre
708 539 903 598 enuntiaretur,
957 531 1048 584 Potest
1067 539 1093 583 et
1114 530 1192 583 aliter
1207 529 1250 584 bie
1265 545 1363 586 sensus
1380 533 1502 605 intelligi.
1523 533 1623 588 l'eritos
1638 537 1751 588 deterre

107 631 180 683 sient
200 627 235 681 ab
259 627 317 696 ipsa
333 622 453 680 veritate
477 625 608 694 prolatum
623 634 684 678 est:
707 621 763 685 lte,
778 621 905 685 leptiaote

106 735 196 775 oriones
215 729 302 790 pentes
316 719 342 772 in
363 717 464 772 nomine
486 715 585 779 Patris,
610 726 633 770 ct
657 713 734 779 Filii,
754 724 777 767 et
793 712 905 784 Spiritus

106 812 190 865 suncti
206 808 316 883 (dinttlr.
336 825 436 873 nutu,
459 808 512 878 te).
526 807 602 873 ernd
618 807 703 862 s‘olruu
722 803 904 859 testssmonintn

108 902 190 957 debet
201 902 319 954 burriano
333 900 424 968 generi
439 898 515 953 ualde
528 897 670 961 subluere,
688 895 749 966 qrrin
764 894 808 949 ubi
822 904 904 948 unum

108 1008 210 1048 nomen
231 991 343 1047 Deitatis
364 990 444 1057 dicit,
468 991 503 1047 ibi
521 1001 564 1045 aut
587 1000 689 1043 naturae
711 995 757 1042 aut
781 986 906 1056 potentiae

108 1085 252 1142 diuersitas
268 1099 321 1138 non
337 1083 461 1137 babetur.

146 1177 224 1232 Vers.
241 1175 268 1230 9.
285 1175 318 1228 la't
333 1175 359 1227 in
373 1191 415 1227 eos
433 1173 476 1243 qni
491 1181 673 1227 corrucrtnntur
687 1173 721 1224 od
739 1173 825 1241 ipsunt
840 1186 848 1225 :
864 1185 907 1224 uc·

108 1277 256 1321 rumtomeu
272 1280 350 1336 prope
369 1264 484 1317 timentes
505 1279 562 1317 eom
576 1266 688 1318 rolotore
703 1263 804 1332 ipsius,
825 1271 852 1314 ut
865 1260 906 1314 in·

109 1362 207 1415 dubitet
227 1358 311 1430 glorio
325 1359 351 1412 iu
365 1367 432 1412 terro
445 1369 543 1412 nostro.
563 1358 616 1425 Qui
631 1365 811 1412 coarmantur
820 1356 854 1410 od
866 1357 907 1427 ip·

956 622 1050 688 oritur,
1071 623 1178 692 errando
1193 622 1328 677 conlessin
1344 629 1491 692 peccatoris
1503 626 1613 680 ollertnr
1626 642 1633 691 ;
1645 626 1752 698 justitio

956 712 989 768 de
1002 715 1065 767 coelo
1079 715 1217 784 prospicit,
1244 714 1350 783 (putando
1374 716 1401 769 llt
1424 718 1548 771 remissio
1569 727 1751 786 peccatorum.

956 807 1032 870 ernd
1047 808 1073 862 in
1090 808 1226 877 publicini
1254 807 1326 862 illius
1348 809 1470 863 oratione
1495 810 1627 879 prouenit.
1652 809 1753 865 Veritas

957 902 1028 954 onim
1044 902 1075 954 de
1090 909 1159 954 terro
1173 910 1228 952 orto
1243 909 1291 964 cst,
1307 899 1414 968 quarrdo
1429 900 1481 954 inca
1497 902 1666 972 respiciens,
1683 917 1752 958 corr·

959 995 1060 1050 blenda
1077 1002 1186 1064 precenta
1201 1008 1248 1049 sua
1264 994 1347 1048 Deum
1364 995 1490 1064 regaliam
1508 995 1612 1065 justitio
1636 1011 1699 1049 reru
1721 997 1753 1050 de

957 1086 1020 1139 coelo
1034 1084 1175 1154 prospexit,
1193 1099 1254 1138 cum
1271 1083 1411 1139 descendit
1422 1084 1582 1154 justificatus
1594 1084 1752 1155 publicanus

958 1179 1043 1245 magis
1059 1192 1138 1247 qrram
1155 1177 1200 1232 ille
1215 1175 1372 1245 phariseos.

995 1267 1071 1323 llere.
1090 1268 1133 1322 li.
1155 1265 1256 1321 Etenim
1282 1266 1406 1321 Dominus
1429 1265 1500 1321 dulcit
1521 1267 1715 1339 benignitatem,
1730 1275 1753 1322 et

958 1372 1027 1415 terro
1042 1369 1129 1414 nostro
1143 1359 1213 1414 dubit
1231 1360 1342 1429 [ructum
1358 1376 1442 1414 sunno.
1461 1359 1494 1414 Et
1510 1360 1559 1415 iste
1570 1376 1676 1431 quoque
1690 1342 1753 1415 rer·

109 1471 179 1521 sam,
196 1451 328 1521 significat
342 1452 511 1521 paenitentes,
524 1450 568 1519 qui
582 1450 673 1506 mundi
685 1450 811 1522 pestilera
823 1449 906 1505 liber·
958 1467 1004 1507 sns
1015 1451 1048 1506 ad
1065 1453 1220 1522 poenitentis
1233 1451 1412 1507 humilitatem
1437 1463 1621 1518 competenter
1634 1463 1752 1524 aptatur.

108 1552 168 1600 tata
186 1543 334 1608 derelicta,
351 1541 438 1597 lelicia
464 1542 523 1612 ejus
543 1542 645 1612 eligunt
670 1541 762 1597 subire
783 1542 905 1598 seruitia.
958 1543 1018 1613 lpse
1034 1545 1104 1598 enim
1127 1558 1175 1598 sua
1191 1542 1357 1615 benignitate
1377 1544 1459 1599 donat
1481 1544 1659 1601 consessionis
1684 1544 1750 1601 abe·

108 1633 181 1689 Nam
191 1648 251 1689 curn
266 1633 339 1688 orbis
354 1632 494 1687 universus
509 1631 640 1687 idolorum
654 1632 808 1701 turpissima
821 1635 905 1687 devo·
957 1642 1040 1702 ctum,
1061 1633 1087 1689 id
1103 1641 1144 1689 est
1158 1632 1270 1688 imbrem
1287 1633 1495 1702 prosperrimum
1512 1634 1705 1705 lacrymarum
1723 1645 1752 1690 nt

108 1725 185 1780 tione
199 1725 344 1793 darpraret,
359 1722 408 1777 rob
432 1721 516 1778 luctet
538 1723 698 1791 putabantur
719 1738 797 1792 prope
817 1725 906 1777 timere
923 1734 1021 1793 sscarn
1043 1735 1132 1780 nostra
1147 1725 1197 1795 piis
1214 1724 1320 1780 [letibus
1344 1724 1463 1796 irrigata,
1484 1727 1595 1796 premia
1611 1728 1695 1798 possit
1714 1726 1752 1782 at·

109 1815 267 1880 Dormitum,
292 1814 335 1884 qui
353 1829 402 1884 per
415 1814 523 1886 iloysen
548 1814 607 1883 tege
630 1826 770 1885 suscepta,
793 1817 837 1869 uni
851 1815 905 1872 lieo

109 1907 273 1963 vitabantur
286 1920 347 1961 esse
367 1906 467 1961 deuoti.
483 1905 536 1961 Sed
560 1905 621 1960 ideo
639 1905 793 1962 dictumest
808 1925 813 1959 :
828 1923 907 1978 prope

109 2001 241 2064 timenter,
265 1998 327 2067 quia
349 1996 493 2051 carnaliter
516 1999 606 2052 onmia
629 2007 767 2066 gerentes,
793 1997 906 2054 dirersis

109 2106 175 2145 eum
189 2088 273 2156 culpis
286 2087 481 2143 contumaciter
493 2088 641 2143 irritabant.
652 2086 711 2143 Non
724 2088 795 2143 enim
807 2088 905 2158 timere,

110 2181 160 2237 sed
175 2197 254 2252 prope
265 2181 354 2235 timere
366 2179 429 2235 dieti
442 2188 504 2235 sunt
517 2181 560 2250 qui
580 2181 667 2251 legem
689 2181 773 2252 ipsius
789 2180 905 2235 earnali-

110 2285 165 2338 ter,
178 2288 231 2327 non
252 2272 428 2343 spiritualiter
449 2282 619 2342 aeceperunt.
639 2270 780 2328 litantem
801 2272 852 2327 lroc
872 2271 908 2328 de

111 2364 181 2434 ipsis
197 2363 297 2419 dictum
308 2363 467 2432 intelligas,
482 2362 561 2418 sicet
582 2363 727 2433 Apostolus
744 2365 782 2418 ait
797 2362 851 2425 :Et
866 2379 908 2418 rc·

111 2459 187 2511 rtierrs
198 2456 380 2525 eoonpelicooit
394 2472 483 2525 pocern
497 2456 585 2524 uobis,
610 2456 655 2527 qui
679 2455 755 2512 erotis
777 2455 866 2530 loupe,·
882 2466 907 2511 et

112 2566 204 2620 pocern
227 2550 267 2604 bis
291 2549 336 2618 oni
356 2564 436 2620 prope
458 2547 567 2619 (Epiros.
591 2563 621 2614 tr,
639 2548 694 2620 li).
710 2548 763 2603 Sed
783 2549 921 2617 utramuis*

111 2646 182 2700 tales
197 2644 324 2710 luissent,
340 2653 428 2699 tannen
444 2642 573 2698 Dotuinus
591 2642 715 2698 Sarlrator
737 2643 771 2699 de
787 2643 906 2714 ipsorum

112 2738 196 2808 elegit
219 2736 363 2792 carnaliter
381 2746 461 2806 gente
486 2734 635 2805 procreari.
652 2734 716 2789 lude
739 2735 810 2789 enirn
827 2736 908 2805 llirgo

112 2831 197 2886 blaria
219 2845 278 2899 nuce
293 2829 397 2899 peperit
423 2826 583 2882 Christum:
605 2825 641 2882 ibi
668 2836 842 2881 conversatus
867 2835 909 2880 est

113 2923 263 2988 llomines;
279 2921 314 2977 ibi
329 2920 475 2983 miracula,
491 2932 551 2988 quae
568 2932 583 2971 a
605 2917 727 2972 bdelibns
745 2927 772 2973 et
785 2917 908 2987 leguntur

113 3026 140 3071 et
157 3016 312 3083 creduntur,
328 3014 421 3069 ellectu
436 3022 509 3068 sunt.

151 3109 228 3163 vers.
251 3108 292 3162 tu.
309 3106 488 3160 Misericordia
513 3113 537 3158 et
551 3104 641 3156 ciericos
658 3102 818 3157 ototnocmnt
839 3101 908 3156 sibi:
922 3100 945 3160 i}

113 3200 250 3276 {comitiaci
265 3196 470 3270 percomplere
487 3205 545 3250 sorrt
567 3211 603 3248 se.
619 3194 675 3248 llnc
691 3194 799 3248 sebema
813 3194 910 3247 dieitur

114 3291 304 3361 somatoprela,
321 3290 400 3345 idest
416 3288 535 3358 corporis
550 3285 697 3351 attributio,
714 3285 818 3356 quando
829 3284 909 3340 rebus

115 3382 284 3453 incorporeis
297 3395 410 3451 corpora
430 3380 592 3435 tribnnntnr.
609 3377 674 3431 Nam
691 3392 751 3432 cnm
768 3378 910 3432 mirericor-

117 3473 163 3527 dio
176 3481 204 3528 et
214 3472 315 3536 ueritus,
331 3487 382 3541 poa
396 3481 421 3527 et
432 3471 539 3543 justitio
554 3473 711 3538 incorporea
726 3468 789 3538 sint,
805 3469 910 3524 duabus

116 3580 251 3635 gressum,
269 3564 373 3619 duabus
383 3562 458 3619 dedit
472 3563 637 3630 amplerum,
652 3563 723 3633 qrrod
738 3563 830 3631 ntique
845 3576 911 3617 con·

118 3668 174 3715 stat
195 3673 257 3714 esse
270 3672 441 3728 corporeum.
466 3657 610 3727 Postquam
632 3671 697 3712 vero
719 3655 786 3710 dixit
810 3668 844 3710 ex
859 3666 910 3724 qua

117 3759 198 3819 gente
211 3762 282 3805 esset
298 3749 425 3803 borninus
437 3748 602 3815 nasciturus,
619 3763 691 3803 nunc
704 3762 764 3818 quae
779 3745 911 3816 praestite-

118 3844 151 3895 rit
163 3842 296 3897 adrentus
310 3848 410 3895 sanctae
421 3839 613 3894 incarnationis
625 3836 744 3909 exp‘onit.
760 3838 821 3908 lpsn
835 3837 912 3909 qnip-

117 3948 152 4002 pe
164 3943 319 4002 prestante,
332 3930 385 3985 dun
394 3930 566 3986 Testamenta
581 3931 607 3985 in
620 3932 698 3985 unius
712 3931 810 3984 seriem
826 3944 911 3998 copu-

118 4026 226 4080 lationis
240 4023 354 4080 addncta
365 4033 444 4089 srrnt;
460 4024 486 4079 in
505 4025 579 4079 Novo
590 4024 660 4079 eninr
673 4024 846 4078 misericordie
858 4031 910 4090 est,

117 4118 146 4172 in
172 4133 224 4187 urta
239 4133 287 4188 per
307 4119 418 4189 gratiam
435 4118 564 4173 liberatur
586 4133 670 4187 genus
697 4119 864 4183 bumannm;
884 4118 911 4171 in

118 4210 209 4266 Veteri
224 4212 327 4276 oeritnr,
353 4213 397 4266 nbi
422 4213 462 4267 lex
484 4220 511 4267 et
533 4212 726 4284 prophetarum
746 4213 912 4268 annuntiatio

118 4301 286 4370 continetur,
298 4303 367 4358 sieut
382 4303 407 4358 in
418 4305 617 4374 septuagesimo
629 4304 731 4372 psalmo
743 4305 797 4371 jam
811 4304 912 4360 dictum

117 4402 171 4448 et.
188 4393 251 4450 llaec
274 4405 361 4449 aulem
386 4395 439 4449 duo
461 4395 509 4449 sibi
529 4395 704 4460 ebriaverunt,
719 4411 771 4450 non
787 4397 819 4452 ad
835 4411 912 4452 exer·

957 1816 1028 1871 lerre
1043 1819 1163 1886 copiosa.

993 1911 1069 1967 llcrs.
1087 1913 1129 1968 15.
1144 1911 1248 1967 iustitio
1262 1922 1321 1968 onte
1339 1929 1395 1967 eum
1410 1914 1566 1982 orrtbuloiit;
1583 1925 1608 1970 et
1629 1927 1705 1988 ponet
1720 1917 1747 1972 t'n

957 2004 997 2058 uio
1011 2022 1112 2077 pressas
1127 2023 1197 2061 snos.
1214 2005 1274 2061 Pari
1290 2008 1369 2061 etiam
1384 2009 1498 2062 modoet
1513 2008 1584 2064 bunc
1600 2025 1707 2064 vorsum
1718 2011 1752 2064 ad

957 2096 1018 2152 illos
1038 2098 1181 2168 aptandum
1206 2112 1267 2152 esse
1291 2099 1423 2163 dicimus,
1446 2101 1489 2169 rpd
1514 2100 1752 2171 supplicationibus

958 2187 1008 2257 piis
1023 2204 1037 2242 a
1052 2189 1166 2243 Dounion
1180 2190 1362 2259 corriguntur.
1375 2188 1482 2243 iustitio
1497 2194 1595 2263 qnippe
1615 2194 1752 2249 nrrrluloiit

957 2287 1088 2347 anteeos,
1101 2281 1218 2347 nuarrdo,
1235 2281 1366 2336 naulorum
1382 2297 1491 2336 suorum
1507 2284 1620 2340 recitate
1632 2286 1753 2356 recogni-

959 2379 999 2437 ta,
1015 2372 1113 2425 remitti
1130 2372 1179 2427 sibi
1196 2373 1331 2428 bumi'iter
1342 2383 1435 2443 petunt
1448 2373 1518 2443 orrrrd
1531 2377 1666 2431 sceleratis
1678 2377 1753 2432 ausl-

957 2463 1008 2515 bus
1031 2472 1239 2532 perpetrarunt;
1260 2476 1288 2520 et
1304 2465 1373 2534 quod
1398 2465 1544 2536 gaudentes
1561 2468 1629 2521 male
1651 2467 1753 2538 ligave-

958 2563 1037 2622 runt,
1062 2571 1109 2626 per
1139 2556 1267 2611 bernllcia
1295 2557 1345 2626 pire
1374 2557 1573 2612 lamentationis
1598 2560 1750 2614 absolvant.

958 2649 1033 2704 Tunc
1047 2651 1118 2705 enirn
1134 2665 1197 2704 rere
1210 2660 1306 2719 ponunt
1319 2652 1346 2704 io
1360 2651 1410 2717 oio,
1429 2651 1453 2704 id
1468 2663 1509 2705 est
1524 2651 1550 2705 in
1565 2649 1672 2707 cbristo
1683 2668 1753 2724 pres·

958 2737 1085 2811 sueonos,
1101 2743 1143 2811 orti
1159 2751 1222 2798 ante
1247 2743 1350 2798 senritis
1366 2743 1570 2800 detestabilibus
1584 2755 1752 2802 erraverunt.

1222 2850 1358 2906 Conclusio
1374 2854 1479 2920 prolati.

994 2966 1161 3032 Audivimus,
1187 2967 1265 3024 beate
1285 2969 1384 3036 David,
1400 2971 1463 3040 qnid
1485 2972 1556 3026 intus
1578 2973 1625 3028 tibi
1650 2974 1754 3031 locutus

962 3058 1041 3114 luerit
1056 3059 1194 3114 Dominus.
1210 3059 1264 3114 Par
1281 3063 1331 3117 ista
1344 3072 1369 3116 et
1385 3077 1467 3131 super
1481 3066 1638 3129 nosreniat,
1652 3081 1712 3135 qnam
1725 3067 1753 3121 ln

962 3158 1008 3205 tuo
1022 3150 1103 3205 corde
1114 3151 1252 3222 regnabat.
1269 3150 1338 3208 Ecce
1354 3169 1445 3208 rernm
1469 3155 1581 3226 llegem,
1598 3171 1676 3225 quem
1701 3157 1755 3213 rir-

963 3253 1004 3297 tus
1018 3244 1078 3298 talis
1092 3244 1218 3313 regebat;
1235 3236 1363 3315 templum
1379 3247 1500 3316 justitie,
1526 3248 1653 3318 palatium
1668 3249 1754 3317 pieta·

961 3337 1006 3403 tia,
1015 3336 1212 3393 thesaurarium
1228 3341 1429 3398 misericordie.
1446 3342 1508 3398 lure
1519 3342 1566 3398 tibi
1581 3342 1755 3413 subjacebant

962 3440 1081 3498 terrena,
1107 3431 1149 3487 eui
1175 3431 1236 3487 talis
1253 3435 1381 3491 bantinus
1406 3435 1563 3504 imperabat.
1590 3435 1659 3489 Ecce
1683 3434 1755 3504 qrrod

963 3523 1031 3576 ultra
1047 3538 1127 3579 anone
1147 3522 1302 3594 imperium,
1323 3541 1402 3595 snpra
1418 3541 1497 3581 urnne
1514 3529 1599 3593 possit
1611 3541 1671 3582 esse
1687 3541 1755 3595 pru·

962 3615 1068 3667 coccium
1086 3632 1092 3667 :
1109 3615 1142 3670 de
1158 3623 1205 3670 tuo
1219 3617 1322 3671 semine
1333 3617 1503 3686 omnipotens
1517 3617 1634 3673 Verbum
1647 3631 1756 3672 cararent

962 3709 1088 3775 sumpsit,
1104 3724 1152 3776 per
1167 3712 1236 3779 qnod
1253 3709 1399 3767 bumanunr
1419 3726 1504 3782 genus
1526 3713 1643 3767 salutare
1656 3711 1755 3767 dunurn

963 3799 1156 3867 redemptionis
1172 3803 1286 3869 accepit.

1070 3911 1251 3968 uxeustttu
1272 3912 1304 3966 lN
1325 3911 1488 3970 usattttutt
1508 3913 1639 3968 lxxxv.

1258 4003 1348 4058 drotio
1377 4004 1470 4059 Dorici.

998 4116 1089 4172 Oratio
1101 4132 1199 4172 numen
1216 4117 1408 4189 homonymum
1424 4123 1477 4183 est,
1502 4116 1580 4184 cujus
1594 4116 1757 4185 etymologia

963 4217 1005 4265 est
1018 4210 1073 4264 uris
1087 4210 1176 4276 ratiu;
1192 4225 1251 4278 guae
1266 4209 1372 4278 qnando
1387 4210 1458 4263 inter
1471 4210 1586 4262 bumana
1605 4207 1704 4276 judicia
1716 4207 1756 4262 di·

963 4299 1070 4367 citnr,a
1086 4298 1195 4355 disertis
1207 4299 1353 4355 artificiosa
1368 4301 1447 4354 nimis
1459 4298 1532 4372 [mss.
1546 4299 1592 4365 A,
1607 4296 1630 4351 F
1634 4339 1653 4364 .,
1663 4295 1758 4372 animi]

964 4389 1109 4445 subtilitate
1132 4389 1321 4460 componitur;
1342 4389 1451 4459 ornando
1475 4390 1529 4445 beo
1551 4390 1671 4445 lunditnr
1692 4390 1758 4445 sinr-

117 4485 231 4541 centnm
256 4487 488 4554 contrarietatem,
511 4487 560 4543 sed
579 4487 613 4542 ad
635 4487 748 4557 gratiam
772 4488 911 4556 promissae
928 4480 1025 4548 llpltct
1041 4487 1121 4549 atque
1138 4480 1229 4534 bumili
1245 4479 1438 4550 supplicatione
1462 4479 1607 4550 protertur.
1632 4480 1683 4535 Sed
1701 4479 1758 4537 baec

119 4577 291 4648 perfectionis
316 4576 490 4648 implendam.
516 4578 603 4633 Unum
623 4579 721 4649 quiippe
744 4587 848 4633 corisum
871 4578 910 4633 la·
968 4571 1104 4626 humilitas
1125 4583 1205 4643 etque
1228 4573 1330 4642 puritas
1351 4572 1550 4641 deprecationis
1564 4571 1758 4628 sauctollerbo

118 4679 204 4733 ctum,
219 4667 290 4739 qrrnd
307 4669 471 4738 temporibus
485 4669 646 4738 probabatur
658 4684 718 4725 esse
739 4669 862 4725 divisum.
881 4669 914 4724 Et
966 4667 1005 4718 sic
1019 4666 1165 4732 convenit;
1187 4665 1210 4720 si
1223 4666 1290 4720 duas
1303 4677 1412 4720 naturas
1425 4666 1451 4720 in
1465 4664 1574 4720 Cbristo
1589 4664 1702 4719 borntno
1717 4666 1758 4737 (ιιι

118 4770 149 4816 nt
163 4775 251 4833 genus
266 4759 352 4828 ipsum
375 4758 485 4815 loederis
506 4761 643 4816 evidenter
661 4763 845 4830 exprimeret,
863 4765 914 4816 troc
966 4767 1052 4812 mater
1066 4759 1146 4814 docet
1160 4758 1301 4828 Ecclesia)
1329 4759 1508 4816 confiteamur
1530 4760 1662 4828 perlectas
1677 4767 1758 4829 atque
1854 4820 1856 4824 ,

118 4852 207 4920 ipsum
223 4851 294 4903 naria
309 4850 444 4904 nominum
457 4850 600 4906 iteratione
615 4851 769 4920 geminavit,
786 4851 909 4919 amplexu
967 4849 1132 4914 verissimas,
1149 4850 1240 4916 idest,
1257 4849 1303 4904 liei
1322 4858 1348 4904 et
1363 4849 1489 4905 borninis.
1506 4850 1580 4904 Tunc
1595 4848 1666 4902 enim
1680 4865 1757 4905 rera-

118 4944 235 5021 qnodam
250 4943 400 4999 dilectionis
411 4943 478 4997 diras
493 4957 555 5009 res,
572 4943 598 4998 id
620 4956 662 4999 est
678 4943 808 5014 justitiam
821 4953 844 4996 et
861 4960 910 5013 po·

117 5055 172 5092 cem
187 5039 214 5093 in
240 5045 359 5094 mutuam
375 5038 497 5103 protinus
518 5035 623 5090 venisse
637 5033 819 5089 correordinm.
834 5033 909 5101 erod

118 5130 269 5198 berisolet,
288 5128 395 5199 uuanda
412 5142 443 5182 se
464 5122 586 5182 bomines
604 5134 663 5194 post
680 5125 790 5196 longum
805 5133 910 5195 tempus

117 5219 252 5290 sturnus,
272 5236 342 5275 netu
366 5218 536 5274 brachiorum
557 5218 646 5275 studio
661 5217 799 5271 ebaritatis
813 5215 911 5271 astrin-

117 5321 193 5383 punt.

155 5395 232 5460 lere.
249 5403 291 5458 tt.
311 5404 408 5458 Veritus
423 5404 454 5457 de
476 5413 543 5458 terro
564 5412 621 5457 orto
636 5413 691 5472 est,
715 5410 739 5455 ct
754 5401 856 5472 justitio
881 5400 912 5453 de

118 5497 178 5551 coto
193 5498 333 5568 prospexit.
352 5495 451 5551 l'eritos
473 5497 588 5549 deterre
611 5502 667 5547 orto
688 5503 735 5560 est,
758 5492 865 5563 qrrarrdo
878 5505 909 5545 et

119 5587 199 5644 llario
213 5589 322 5659 l'rrgnre
340 5588 455 5643 Verbum
480 5602 544 5642 caru
566 5586 665 5641 tacrnrn
679 5597 739 5653 est;
757 5588 826 5640 sicut
853 5585 910 5653 ipse

119 5681 202 5738 dicit:
220 5681 339 5751 Eposrcor
354 5684 404 5746 tio,
421 5681 511 5735 renitor
524 5692 548 5734 et
559 5681 608 5736 rito
622 5678 712 5752 (Joou.
730 5695 783 5746 ιιι,
799 5677 836 5748 6).
852 5677 911 5731 ins·

963 4943 1036 4998 cium
1053 4943 1197 4997 verborum
1219 4942 1291 4998 nulla
1311 4943 1501 4997 contrarietate
1529 4939 1710 5006 turbabimur,
1735 4939 1757 4995 si

963 5035 1064 5090 sanctis
1085 5036 1293 5104 proprietatibus
1319 5044 1380 5104 apta
1404 5034 1558 5090 reddamus.
1584 5031 1649 5086 Nam
1676 5031 1698 5086 si
1717 5032 1758 5085 ris

965 5141 1044 5182 nosse
1058 5124 1205 5197 potentiam
1224 5125 1335 5182 Deitatis
1351 5127 1420 5197 ejus,
1436 5125 1497 5180 audi
1510 5122 1684 5194 Euangetinm
1701 5141 1707 5175 ε
1724 5120 1757 5175 ln

963 5219 1091 5291 principio
1106 5227 1161 5273 erut
1181 5216 1307 5283 Verbum,
1331 5229 1355 5272 ct
1382 5217 1494 5272 Verbum
1508 5225 1563 5271 erut
1583 5216 1654 5287 opud
1677 5213 1759 5285 290

966 5311 1064 5377 iterim,
1082 5321 1104 5365 ct
1126 5310 1195 5364 Deos
1211 5320 1263 5364 emt
1292 5311 1413 5365 Verbum.
1433 5308 1491 5364 Hoc
1511 5318 1564 5364 erat
1586 5309 1612 5362 in
1631 5307 1757 5376 principio

963 5404 1036 5471 opaci
1050 5402 1143 5458 Deorn.
1160 5405 1252 5458 baronio
1268 5420 1313 5471 per
1325 5405 1409 5471 ipsum
1431 5404 1498 5473 [octo
1512 5408 1582 5468 aunt,
1595 5410 1619 5454 et
1632 5400 1687 5453 sine
1701 5399 1758 5465 ipso

964 5497 1061 5564 [ocrem
1076 5503 1113 5547 est
1131 5493 1195 5547 nibil
1220 5491 1309 5563 (loon.
1330 5508 1348 5557 t,
1367 5493 1405 5561 l).
1424 5493 1455 5546 Et
1475 5491 1498 5545 si
1516 5493 1555 5545 ris
1571 5489 1755 5545 infirmitatem

965 5585 1083 5638 bominis
1095 5599 1270 5655 cognoscere,
1287 5585 1347 5641 arrdi
1372 5585 1483 5641 Paullum
1499 5584 1649 5655 apostolum
1664 5583 1757 5638 dieen-

963 5688 1017 5735 tem
1032 5693 1040 5734 ι
1057 5676 1091 5732 ln
1104 5676 1296 5733 similitudinem
1312 5677 1444 5733 bominum
1456 5677 1559 5749 fuctus,
1575 5686 1597 5734 et
1613 5676 1700 5733 bobilo
1715 5671 1757 5727 irr-
