3794 6128
167 299 218 356 ata
756 299 793 356 ll.
814 295 952 356 audacti
970 291 1171 352 casstouottt
1744 288 1797 347 ὅθί)

452 412 548 470 Diuisio
569 415 672 485 psalmi.
824 443 827 449 ·
971 408 1040 479 gia
1053 416 1187 465 manum.
1202 402 1291 462 Finito
1304 404 1446 478 nmio,
1460 411 1683 476 ctmmpstantcr
1693 400 1801 474 populis

202 504 363 566 celestibus
381 507 468 577 epulis
488 507 619 577 propbeta
638 502 786 579 saginatus,
809 511 837 561 ct
859 502 956 562 lutura
1007 497 1041 554 ad
1054 496 1179 553 audiendi
1191 495 1311 552 studiant
1325 493 1477 564 concitatis,
1501 495 1600 551 narum
1610 494 1698 552 astdc
1711 495 1799 549 incar·

168 595 356 669 gratulationis
376 596 505 666 qualitate
525 594 683 668 completus,
706 595 838 667 preconia
850 592 956 651 bomini
1008 591 1118 646 nauone
1134 586 1240 644 llomini
1254 585 1341 643 laudis
1352 584 1458 642 initium
1471 601 1481 653 ς
1495 594 1526 644 nt
1542 600 1679 658 perquam
1695 583 1800 642 merui·

165 705 198 747 sc
208 696 391 747 eructaturum
414 688 564 760 promittit;
584 698 615 745 ut
633 686 704 746 undo
723 689 783 762 ipse
799 688 887 747 luerat
899 702 957 746 crs·
1008 695 1069 739 ⁸1¹⁸
1083 679 1235 737 liiiissliiiii
1249 692 1348 736 timii
1362 691 1535 750 tibilim,
1551 692 1600 750 per
1614 677 1700 749 iim
1715 677 1799 736 tisbe-

167 778 228 837 laatl
242 780 363 851 largitate
377 780 500 850 satiatus,
527 780 590 837 iude
603 790 630 837 et
643 779 729 838 idelis
742 779 856 853 populus
869 779 956 836 abun·
1007 792 1101 836 remus
1121 782 1150 834 ot
1171 775 1306 847 praecata
1328 781 1411 832 ianm
1436 771 1584 846 malestatis
1603 773 1705 830 andire.
1732 773 1798 840 Quae

167 870 323 929 dantissimc
343 882 499 943 pasceretur
514 887 523 928 ε
541 873 742 945 epithalamium
761 871 895 942 quoddam
912 886 958 928 su·
1008 868 1113 945 species
1134 863 1231 934 laudis,
1252 865 1323 937 apud
1336 873 1458 923 oratores
1473 867 1495 921 Δ
1511 865 1594 921 dorma
1610 864 1717 922 dieitur.
1743 865 1797 923 Sed

168 975 297 1032 pernam,
314 972 344 1018 ut
355 963 454 1020 dictum
468 973 521 1029 est,
542 963 655 1032 nuptiali
669 962 848 1021 assultatione
862 976 958 1018 conce-
1007 973 1068 1016 cnrn
1083 958 1110 1016 in
1123 959 1191 1015 isaia
1213 957 1336 1030 legatur:
1352 955 1472 1012 Vidimus
1488 971 1547 1011 eum
1568 961 1592 1009 et
1617 971 1669 1010 nun
1689 955 1798 1010 babebat

168 1051 957 1123 lebrant.Epithalantiumrerointerpretaturlaustltalanri,
1007 1052 1114 1124 speciem
1126 1067 1208 1122 neque
1229 1050 1348 1105 decorent
1370 1065 1380 1104 .·
1399 1048 1444 1103 sed
1456 1048 1553 1121 species
1565 1047 1651 1103 cultu
1671 1048 1727 1117 elus
1740 1047 1797 1102 sias

167 1158 226 1213 quae
241 1142 346 1212 sponso
360 1144 464 1200 ctelcsti
479 1142 671 1199 consuetudine
687 1142 860 1198 humanitatis
876 1140 958 1196 oiler-
1008 1143 1104 1198 bonore
1119 1141 1220 1216 abjecta
1234 1156 1289 1210 pre
1302 1140 1418 1196 omnibus
1432 1139 1577 1194 bominibus
1594 1137 1661 1209 (lna.
1678 1154 1733 1205 utar,
1748 1139 1795 1210 2);

147 1230 220 1288 'tua
241 1233 328 1289 Prima
348 1249 409 1304 pars
424 1234 482 1304 rjus
495 1243 608 1304 quatuor
622 1233 709 1289 modis
721 1232 819 1300 sponsi
838 1231 959 1288 courtinet
1008 1232 1090 1300 quaeri
1105 1236 1203 1300 potest.
1219 1245 1268 1285 cur
1283 1230 1326 1285 ltic
1342 1245 1425 1300 super
1437 1244 1523 1299 genus
1537 1229 1681 1283 bnmnnum
1691 1229 1797 1300 specio·

168 1326 271 1393 laudes,
288 1327 314 1383 td
328 1334 368 1382 cst
382 1326 486 1383 Domini
501 1327 661 1385 salvatoris.
675 1325 799 1383 &cunda
813 1324 896 1380 sinrilt
908 1340 957 1380 nu·
1009 1321 1134 1376 sissimus
1146 1320 1337 1376 describaturi
1364 1320 1422 1376 llon
1437 1321 1497 1391 quia
1519 1319 1603 1376 lorma
1623 1321 1682 1393 cjus
1699 1321 1795 1380 decoro

168 1430 242 1471 tuero
266 1424 380 1486 quatuor
404 1415 524 1486 partibus
545 1415 665 1488 mysticis
688 1414 831 1470 virtutibus
853 1412 957 1484 Sponsa
1010 1410 1089 1466 lactei
1104 1410 1203 1468 eoloris
1223 1412 1318 1479 eluxit,
1340 1421 1387 1468 ant
1404 1410 1473 1468 daun
1495 1412 1569 1467 crine
1589 1412 1725 1482 lampavit,
1749 1421 1796 1470 aut

167 1505 326 1575 predicatur
339 1506 481 1572 Ecclesia3
502 1506 606 1562 seilicet
625 1507 725 1576 quaein
740 1514 895 1562 sauctorum
910 1505 958 1561 lro-
1007 1501 1105 1573 iosigai
1126 1513 1227 1557 stanna
1251 1503 1426 1572 praeminuit3
1454 1503 1503 1560 sed
1527 1504 1658 1561 ueraciter
1679 1505 1796 1563 humano

168 1594 270 1650 retiatum
282 1595 445 1651 adunatione
455 1595 588 1650 consistit.
605 1594 661 1650 lloc
673 1611 779 1666 quoque
793 1595 958 1666 sapientissi·
1008 1594 1107 1665 gnome
1122 1595 1258 1662 pulcltrior
1272 1594 1331 1662 luit,
1345 1594 1407 1666 qula
1422 1606 1531 1666 peccata
1545 1611 1599 1653 noo
1614 1596 1714 1655 babuit
1728 1596 1797 1655 illud

168 1700 227 1739 anus
242 1683 407 1740 Solomonia
423 1685 546 1756 tttroqni
561 1684 710 1755 appellatur
723 1683 862 1741 Canticum
877 1685 959 1740 cautl-
1008 1690 1081 1747 enirn
1096 1699 1170 1745 recte
1184 1691 1326 1761 speciosum
1340 1689 1450 1757 dicitur,
1470 1690 1540 1763 quud
1551 1693 1635 1762 gratia
1651 1693 1797 1749 mundissi-

165 1790 258 1831 eorum
278 1776 415 1831 notbsirna
431 1775 546 1832 lectione
560 1775 713 1855 descripsit.
735 1774 852 1834 lladcet
864 1789 914 1832 ons
928 1775 956 1830 in
971 1783 996 1844 Β
1009 1795 1061 1836 mm
1083 1780 1205 1852 puritatis
1228 1792 1359 1848 ornatnr;
1388 1783 1511 1852 quamvis
1533 1782 1613 1839 Pater
1634 1784 1798 1853 Augustinus

166 1866 292 1933 presenti
314 1864 430 1938 psalrno,
451 1852 532 1939 prout
551 1866 627 1924 locus
649 1867 762 1937 expetit,
789 1866 850 1922 libri
871 1865 956 1937 ipsius
1007 1872 1125 1943 speeiem
1138 1869 1330 1942 corporlscjus
1349 1870 1419 1927 dicat
1441 1871 1525 1930 luisse
1544 1871 1715 1930 laudabilem.
1742 1874 1797 1931 Sed

166 1958 287 2028 exentpla
300 1959 438 2030 jungimus
451 1977 459 2027 ;
482 1968 512 2014 ut
526 1959 589 2015 lioet
609 1958 798 2029 praedicatores
810 1958 888 2016 dirisi
902 1959 956 2016 sint
1008 1956 1159 2036 exemplum
1174 1961 1249 2019 isaia
1262 1978 1343 2032 supra
1358 1964 1475 2034 positum
1486 1963 1520 2020 ad
1537 1964 1669 2035 paccionis
1682 1965 1798 2036 ejusne·

166 2036 344 2120 temporibus,
358 2051 504 2107 cortcordia
518 2059 607 2108 tamen
621 2051 769 2122 prophetia
782 2065 864 2131 unum
875 2050 957 2108 locuti
1008 2053 1069 2111 tulit
1080 2063 1187 2125 tempus
1198 2055 1305 2126 quando
1316 2064 1344 2112 et
1361 2055 1481 2127 colaphis
1496 2068 1593 2122 casus,
1615 2065 1642 2112 et
1653 2057 1736 2126 spints
1750 2071 1799 2112 co·

166 2141 386 2199 esseuidenntur.
1008 2155 1130 2215 renatus,
1152 2147 1277 2218 etsputis
1296 2147 1392 2219 legitur
1405 2163 1466 2205 esse
1486 2149 1650 2219 complutus.
1679 2149 1800 2206 Ecclesia

430 2229 565 2304 Expostulo
580 2232 684 2301 psalmi.
1009 2236 1726 2313 raroquaepuniatSalvatoriaparta1151imaginent
1737 2279 1746 2304 ,
1756 2241 1800 2294 sic

203 2320 278 2400 dors.
287 2321 313 2375 l.
335 2321 465 2378 Eructavit
485 2339 528 2380 eor
540 2339 625 2380 mum
636 2323 739 2380 uerbum
756 2323 850 2379 botrum
865 2338 875 2379 .·
899 2323 956 2399 dieo
1008 2327 1104 2398 legitur
1116 2328 1143 2384 itt
1157 2329 1277 2385 Canticis
1290 2330 1456 2386 canticorum
1470 2346 1477 2383 :
1496 2328 1580 2384 l'ttaca
1597 2346 1656 2385 aum
1667 2339 1691 2385 et
1702 2329 1801 2386 decora

166 2428 212 2487 rgo
225 2428 303 2481 opera
317 2430 373 2468 maa
385 2412 459 2487 llepl.
1008 2417 1095 2489 (Cant.
1110 2432 1131 2484 t.
1146 2418 1196 2490 ll:
1217 2417 1242 2473 itl
1265 2426 1307 2475 est
1329 2421 1401 2490 fusca
1416 2432 1529 2489 corpore
1547 2419 1659 2486 carnali,
1683 2420 1801 2491 {annosa

202 2503 314 2561 iorni.
334 2505 435 2579 Lingua
448 2506 627 2563 mencalomua
640 2509 741 2574 amidae,
758 2509 877 2564 uelociter
891 2510 956 2565 acri·
1007 2507 1163 2565 caelestibus
1172 2508 1285 2564 meritis.
1299 2509 1420 2580 Elquere
1430 2510 1573 2581 speciosum
1581 2509 1678 2568 dixerit
1688 2512 1800 2582 probat:

167 2596 333 2653 contineam
345 2597 771 2672 intelligentiamsuamproplteta
783 2610 958 2673 cognosceret
1007 2599 1080 2671 quta,
1091 2598 1216 2671 loquente
1227 2599 1343 2670 Christo,
1357 2586 1403 2671 pe'r
1414 2601 1526 2674 gratiam
1539 2600 1593 2659 neo
1607 2602 1802 2662 reconciliatus

165 2685 248 2742 diuini
272 2689 391 2744 muneris
413 2690 535 2747 claritate
560 2689 626 2766 [ai.
638 2689 781 2765 charitate]
810 2692 955 2763 perituram,
1007 2698 1049 2747 est
1063 2691 1268 2760 mundantium
1283 2707 1348 2764 ergo
1361 2693 1449 2764 potuit
1459 2693 1485 2748 ln
1498 2693 1614 2750 humano
1624 2688 1724 2766 genero
1736 2711 1803 2756 essa

165 2777 350 2848 magnitudine
372 2780 457 2850 ipsius
480 2781 665 2854 gratulationis
685 2783 857 2854 compulsus;
885 2783 957 2854 quod
1008 2781 1106 2851 simila,
1134 2798 1215 2853 quam
1242 2784 1328 2854 ipsum
1355 2782 1523 2840 incarnatum
1551 2785 1719 2856 conspicere.
1750 2802 1803 2857 pce

165 2872 286 2929 dicturus
299 2882 358 2929 erat
372 2884 435 2931 unte
449 2876 577 2941 laudarit,
594 2890 647 2932 non
662 2877 787 2934 elationis
797 2877 896 2944 studio,
908 2879 956 2934 scd
1008 2887 1087 2944 uuam
1101 2873 1296 2946 redemptionis
1310 2874 1409 2930 donum
1421 2883 1493 2930 totus
1506 2875 1580 2931 orbis
1594 2878 1717 2947 aceepit!
1732 2877 1801 2935 iiam

166 2973 253 3020 atratus
267 2964 386 3020 ueritatis
401 2967 538 3023 instinctu.
562 2964 695 3023 diruetauit
708 2966 833 3033 dicimus,
849 2967 957 3040 quando
1008 2965 1047 3024 sic
1063 2966 1097 3023 de
1116 2968 1176 3038 ipso
1197 2977 1225 3024 ot
1240 2966 1384 3037 predictus
1407 2969 1474 3024 liber
1488 2967 1641 3026 Salomonis
1656 2972 1800 3026 enuntiat:

165 3055 272 3111 satietas
284 3056 366 3111 multa
377 3057 496 3112 ciborum
509 3057 673 3129 digestiones
689 3058 882 3115 saluberrimas
894 3075 957 3117 ora·
1009 3056 1091 3122 iulia
1104 3069 1149 3114 tata
1163 3069 1187 3114 at
1200 3058 1355 3131 loquelatur
1365 3060 1488 3130 speciosa.
1503 3061 1640 3134 Sequitur,
1658 3061 1802 3133 Propterea

165 3155 252 3214 porat.
275 3146 328 3202 Sed
343 3162 422 3217 quarn
437 3149 541 3218 magnis
560 3149 744 3220 spiritualibus
765 3152 853 3221 epulis
872 3151 993 3221 luerate
1008 3146 1137 3204 benedicit
1150 3147 1253 3204 taceae
1268 3148 1294 3202 in
1306 3155 1429 3203 canaam
1442 3147 1530 3221 (Cant.
1546 3165 1583 3220 tt,
1593 3150 1632 3221 ll).
1647 3148 1800 3222 Propterea,

167 3238 448 3311 riristeoompletus,
465 3249 560 3296 uttam
576 3240 640 3297 boni
656 3240 747 3298 odoris
761 3249 897 3298 eructaret
912 3257 958 3298 ar·
1008 3237 1084 3306 dicit,
1114 3249 1225 3310 propter
1247 3241 1453 3310 praedicationes
1474 3243 1598 3312 oriculas,
1627 3253 1655 3299 et
1674 3245 1801 3315 pietatem

165 3345 263 3387 canum
278 3333 285 3386 l
301 3330 351 3386 Cor
364 3348 459 3401 menan,
477 3334 567 3389 sinum
581 3333 679 3390 mentis
693 3334 822 3406 intellige.
841 3334 956 3390 Verium
1011 3331 1174 3386 omrtlmodis
1198 3332 1379 3402 singularcm3
1405 3334 1467 3403 qnia
1491 3335 1557 3390 nulli
1582 3335 1727 3407 quidquam
1751 3352 1802 3408 pro

163 3422 269 3490 maura,
284 3423 382 3480 Filiam
398 3425 445 3482 oet
456 3425 531 3490 dicit,
551 3427 585 3481 de
599 3442 651 3499 quo
662 3427 780 3484 loannes
793 3429 956 3498 evangelista
1009 3419 1115 3477 meritis
1127 3421 1251 3489 contulit,
1272 3422 1320 3477 aed
1335 3423 1424 3478 omnia
1440 3437 1489 3479 sna
1501 3427 1589 3495 potius
1602 3425 1722 3482 bonitate
1736 3442 1800 3485 cotr-
1862 3426 1867 3441 '

163 3513 222 3570 ait:
239 3511 271 3567 lu
291 3515 486 3585 principiorem
504 3515 627 3583 verutum,
650 3526 674 3572 et
696 3517 808 3572 Verbum
821 3529 875 3573 aot
888 3520 958 3588 apud
1007 3512 1100 3569 cessit.
1114 3511 1275 3569 Benedictus
1289 3522 1331 3569 est
1342 3514 1413 3569 etritn
1430 3514 1457 3569 in
1469 3524 1614 3581 eternum,
1633 3517 1712 3588 cujus
1726 3520 1803 3589 regni

167 3602 259 3672 Deum,
274 3614 298 3660 et
314 3603 381 3669 Desa
393 3616 447 3661 nat
467 3606 586 3662 Verbum·
600 3601 692 3675 (loca.
709 3624 727 3675 t,
745 3609 782 3678 l).
802 3607 860 3678 ipsa
875 3609 957 3664 etiarn
1008 3619 1062 3659 non
1077 3606 1128 3661 crit
1143 3604 1213 3660 linis.
1230 3605 1303 3663 Bene
1314 3618 1402 3663 autent
1417 3608 1517 3664 dictum
1533 3620 1574 3664 est
1590 3599 1704 3665 a'lorma
1716 3613 1802 3667 servi.

164 3694 242 3754 dese
258 3700 361 3754 Veritas
378 3700 473 3756 dicit:
504 3702 586 3757 Nemo
607 3703 701 3773 bonus,
724 3705 869 3761 sisisclus
891 3705 958 3760 Deus
1008 3697 1180 3753 Benedicitte
1196 3697 1275 3766 ΒΜ,
1301 3714 1361 3768 qum
1376 3700 1570 3769 etpassionem
1586 3701 1706 3772 pertulit,
1727 3701 1804 3759 0¹²0

168 3790 264 3861 (Hora.
278 3809 304 3859 x,
322 3793 377 3865 tu).
392 3795 477 3868 Opera
489 3799 589 3853 veroid
603 3801 809 3870 eslopusculuttt
821 3803 958 3872 prophatae
1009 3804 1091 3878 '⁰5⁰²
1106 3790 1234 3845 ⁰oe¹⁰i¹¹¹¹¹
1249 3789 1378 3858 liiiessii·

164 3880 222 3949 latit,
239 3885 335 3955 psalmi
352 3887 430 3958 bojas
447 3888 572 3946 dedorunt
588 3893 786 3949 contextionem
805 3892 956 3950 ministerio
1049 3882 1127 3939 Veli·
1145 3883 1174 3939 ⁴·
1193 3883 1331 3954 minim
1351 3881 1440 3953 9Ῑοίῖῑο
1460 3892 1504 3937 ⁸²³⁰
1523 3883 1592 3937 ‘iiiii
1615 3883 1698 3952 lemur
1717 3894 1803 3953 tuum,

164 3992 221 4032 sne
233 3978 306 4034 uocis
320 3978 428 4047 odorra,
445 3992 473 4038 et
486 3997 533 4052 per
545 3998 673 4054 organum
683 3981 782 4054 lingue
794 3985 955 4056 quibusdam
1008 3972 1181 4042 potentissime
1195 3988 1205 4026 ·'
1220 3973 1302 4040 ‘liiiie
1320 3980 1364 4026 ’Μ
1382 3979 1406 4026 θ’
1420 3970 1614 4041 patctritaaine
1627 3980 1681 4026 ‘⁸⁰-
1698 3973 1803 4028 ΜΠ·

162 4071 269 4127 talamis
285 4071 375 4127 diuina
391 4074 474 4129 uerba
489 4089 626 4130 resonare.
649 4073 724 4130 ilatm
739 4075 810 4131 enim
827 4076 957 4146 pradica-
1008 4061 1059 4118 ‘¹¹¹⁸
1081 4064 1264 4119 issii⁰ffliiiii¹¹l
1287 4064 1383 4120 ¹¹¹⁰(iiii
1407 4062 1493 4120 iiiiii
1517 4062 1623 4120 ⁰⁰¹¹li¹¹i
1642 4061 1799 4130 Saltatoris.

162 4160 261 4214 tionem
278 4159 341 4230 Regi
355 4160 440 4219 aliam
458 4162 598 4232 gestiebat.
616 4163 745 4233 quamde
763 4162 823 4233 ejus
837 4164 956 4220 admira·
1007 4156 1053 4226 qui
1065 4156 1198 4213 illiniri
1219 4166 1361 4227 Ρθῑθθῑὲῑθ·
1384 4155 1424 4214 aa
1444 4156 1537 4212 ”iiiiii
1555 4157 1627 4212 essim
1645 4154 1718 4226 <limi
1734 4170 1803 4228 8²¹¹·

161 4248 955 4327 bi'lclaritatelrnaa.A.,B.‚ll.‚cbaritate]conceperat.sed
1007 4248 1081 4306 dium
1109 4251 1241 4321 propbeta
1263 4248 1419 4319 tribuemus,
1446 4256 1572 4318 precatur
1600 4248 1744 4304 Dominum
1773 4254 1804 4309 nt

161 4356 195 4397 ne
207 4343 268 4411 quis
281 4351 386 4411 putaret
397 4342 495 4412 aliquid
509 4358 572 4399 euro
584 4360 617 4398 ex
631 4347 737 4415 propria
750 4344 891 4401 voluntate
914 4345 955 4401 ril-
974 4358 982 4373 ·
1006 4339 1176 4409 exspectatas
1188 4340 1312 4410 gentibus
1323 4339 1430 4394 tandum
1441 4336 1634 4393 saluberrimus
1645 4348 1801 4408 appareret.

161 4442 276 4495 ctururn,
299 4431 415 4504 linquam
437 4446 512 4487 suant
537 4433 627 4489 scribe
648 4435 748 4488 calamo
772 4435 952 4505 comparauit,
1007 4430 1077 4487 llicit
1090 4431 1162 4486 enim
1175 4446 1182 4483 ε
1197 4431 1333 4500 Accingere
1346 4427 1433 4500 plodio
1446 4441 1499 4482 ruo.
1513 4428 1667 4498 ltuapaora
1681 4443 1698 4481 a
1713 4426 1802 4483 bulia-

160 4535 220 4591 qune
240 4522 279 4576 sic
300 4520 404 4577 dictura
426 4532 468 4578 est
488 4522 601 4579 ildeliter
615 4524 730 4594 Spiritus
747 4526 833 4579 saneti
858 4523 951 4591 rerba,
967 4549 994 4608 D
1008 4530 1067 4579 tore
1088 4531 1232 4593 conrepta.
1250 4520 1295 4592 qui
1317 4521 1492 4577 dimicaturus
1511 4519 1598 4590 gladio
1620 4518 1748 4588 cingitur,
1771 4526 1804 4577 nt

159 4612 383 4682 quemadmodum
398 4627 494 4669 sensus
516 4614 600 4669 nostri
616 4624 676 4670 rota
692 4615 812 4670 calamus
825 4613 954 4672 describit
1008 4625 1161 4688 prosternat
1186 4615 1332 4671 inimicum.
1357 4612 1411 4669 Sed
1439 4611 1481 4667 ltlc
1504 4611 1619 4684 pladiani
1642 4623 1802 4667 termonem

160 4702 188 4760 in
210 4705 313 4762 charta.
341 4705 458 4773 addidit,
486 4708 604 4762 uelociter
622 4707 775 4770 scribentis:
798 4723 877 4777 quem
904 4723 954 4764 nos
1006 4705 1204 4778 predicationis
1227 4704 1356 4759 debemus
1382 4702 1518 4772 accipere,
1544 4702 1578 4757 dc
1602 4715 1656 4771 qrto
1683 4699 1745 4771 ipse
1772 4700 1802 4757 in

159 4798 245 4868 magis
271 4799 402 4854 notarium
433 4799 561 4856 debemus
589 4802 721 4869 accipere,
748 4800 792 4869 qui
823 4800 952 4855 uelociter
1006 4795 1151 4866 lrangelio
1169 4803 1283 4850 testatur
1299 4811 1305 4846 :
1323 4792 1384 4847 Noa
1404 4794 1461 4846 ueni
1483 4806 1572 4863 pacem
1591 4791 1735 4845 millenia
1750 4798 1801 4843 ter·

162 4890 242 4944 uerba
261 4891 383 4960 ausetpit.
399 4901 426 4946 et
437 4891 515 4946 citius
530 4892 619 4947 audita
637 4891 800 4946 transcribit.
819 4891 950 4948 Cotrside·
986 4900 1069 4955 'rana
1082 4889 1127 4943 aad
1141 4888 1255 4959 gladium
1266 4884 1373 4957 (Martia.
1390 4902 1418 4950 n,
1433 4884 1495 4954 54);
1510 4894 1537 4940 ct
1551 4883 1695 4954 Apostolos
1707 4883 1773 4939 dicit
1791 4899 1801 4939 a

159 4979 273 5035 randum
288 4996 353 5036 uero
366 4983 492 5052 quoniam
505 4981 547 5037 laic
567 4982 714 5052 prophetiae
728 4983 813 5039 uirtus
826 4983 950 5039 ostendi·
1005 4980 1038 5035 Et
1052 4980 1167 5052 gladium
1180 4981 1296 5050 spirituas,
1311 4978 1380 5047 qaod
1397 4985 1435 5033 est
1453 4977 1556 5032 ueniunt
1576 4975 1623 5030 aa·
1634 4973 1745 5049 (epta.
1758 4989 1801 5041 rt,

160 5078 211 5139 tur,
229 5087 289 5142 quae
304 5087 356 5126 non
371 5073 549 5128 subcruciatu
563 5074 679 5129 humano
693 5076 812 5145 cogitat,
826 5075 873 5130 scd
890 5079 951 5131 aine
1003 5072 1061 5144 l'l).
1076 5069 1184 5127 Gladius
1205 5079 1294 5125 atatem
1317 5070 1416 5125 dicitur
1437 5083 1528 5124 serino
1544 5067 1602 5134 bel,
1619 5067 1680 5134 quit
1700 5081 1803 5135 corpu·

160 5161 250 5234 aliquo
273 5162 365 5219 labore
380 5162 530 5220 lliuinitatis
549 5165 624 5236 laissa
647 5164 777 5235 divulgat.
803 5165 950 5221 Audiamus
1003 5163 1074 5219 letata
1094 5162 1165 5217 uitiis
1184 5160 1264 5218 corda
1285 5160 1424 5215 bantinum
1441 5160 1495 5215 ittn
1508 5174 1564 5214 suae
1579 5160 1685 5213 virtutis
1699 5158 1803 5213 irruun-

160 5267 231 5309 ttunc
242 5253 397 5324 propbetant
407 5254 570 5324 epithalamii
585 5257 643 5310 sine
653 5254 806 5310 adulatione
815 5254 949 5310 dicturum
1004 5255 1057 5327 pit;
1071 5272 1119 5312 neo
1131 5264 1218 5325 potest
1228 5253 1397 5308 iarbecillitas
1409 5252 1527 5308 bumana
1541 5252 1679 5316 resistere,
1691 5249 1738 5305 ubl
1753 5249 1802 5307 illa

159 5340 274 5417 laudem,
301 5360 361 5416 qum
382 5344 448 5411 nitut
471 5345 521 5399 nisi
545 5354 690 5415 exaggerat
714 5345 865 5408 reriutem.
890 5361 951 5417 qum
1004 5346 1168 5404 lortitudiais
1189 5346 1274 5416 gloria
1294 5344 1419 5415 dignatur
1434 5345 1546 5400 intrare.
1563 5342 1661 5399 Fentttr
1674 5356 1742 5398 raro
1756 5342 1802 5397 in·

160 5438 233 5495 salua
250 5438 401 5509 integritate
414 5437 563 5500 blanditum
580 5447 607 5494 et
620 5440 742 5507 quamuis
759 5454 853 5510 magna
867 5441 947 5508 dieat,
1003 5439 1185 5496 enarrationem
1207 5436 1340 5506 signifieat
1365 5436 1469 5491 Dasmini
1495 5436 1654 5501 Saloutaria
1673 5433 1747 5490 sicut
1769 5433 1801 5492 itt

160 5542 212 5603 pon
223 5539 313 5587 tamen
326 5533 414 5588 omnia
429 5531 594 5588 sullicicnter
608 5543 758 5589 enumerat.
1003 5530 1099 5587 Genesi
1116 5530 1212 5600 legitur
1227 5546 1233 5582 :
1248 5526 1308 5583 Non
1329 5528 1432 5597 deficiet
1453 5530 1573 5602 princeps
1594 5544 1626 5584 re
1637 5525 1730 5592 'luda
1752 5542 1802 5584 nec

196 5620 261 5680 Vens
271 5626 298 5682 ll.
320 5628 457 5698 spectatae
469 5628 552 5698 [orata
564 5642 617 5697 prta
630 5627 691 5695 filiis
702 5624 843 5693 bominum,
855 5626 951 5696 diffissa
1003 5623 1058 5679 dua
1071 5623 1102 5677 de
1118 5621 1255 5693 (cruoribus
1270 5622 1323 5693 ejas
1339 5619 1416 5690 (cea.
1438 5636 1510 5686 xnus,
1528 5619 1583 5691 to).
1599 5620 1626 5674 ln
1641 5619 1700 5687 ipso
1710 5618 1801 5691 *etiami

159 5720 197 5787 pst
211 5716 294 5786 qratia
313 5718 340 5773 ia
354 5718 428 5774 labiis
443 5718 517 5775 tuis:
539 5729 676 5789 propterea
690 5717 819 5775 terraram
838 5730 862 5777 ta
879 5718 950 5777 Daue
1004 5716 1143 5791 nugatorio,
1165 5725 1192 5772 et
1214 5714 1350 5771 librabant
1374 5713 1450 5785 (Gan.
1472 5728 1544 5782 aaut,
1566 5712 1595 5784 ⁴2)
1617 5712 1680 5770 iecit
1702 5712 1800 5786 jeram
