3802 6120
123 249 175 306 lib
563 243 742 300 Exnostlto
762 242 794 298 tlt
814 240 1043 299 lshtnnttthlt.
1061 239 1156 298 esth.
1178 239 1244 296 Cl'l.
1696 238 1750 297 i'lb

160 361 237 418 Vere.
252 361 298 418 ιιι.
316 361 460 416 ascendunt
475 374 554 428 arcanc
568 361 603 412 ud
617 359 703 424 calos,
719 365 742 409 et
758 355 913 410 ducendum
927 356 953 415 Α
966 352 1141 423 Sulrlungitur
1157 353 1268 422 repetita
1284 353 1407 422 atridem,
1429 353 1476 409 sed
1499 354 1578 411 alrrris
1597 363 1672 426 grata
1685 368 1752 412 crtu-

124 467 203 520 usasc
221 452 255 505 ad
276 451 403 520 abyssos:
421 449 508 502 aniana
527 463 614 501 eorum
629 448 656 500 ιιι
671 446 745 499 nrals's
760 442 910 499 tabescebat.
963 445 1064 511 clusio,
1080 453 1109 499 nt
1122 445 1154 499 de
1167 445 1357 500 amenitatibus
1370 447 1472 502 cunetis
1487 447 1635 503 liberaretur
1645 448 1751 505 animus

123 539 160 596 ιιι
181 540 219 594 illi
242 552 310 609 quos
325 537 448 606 superius
462 536 530 590 dirit
543 550 652 605 operam
668 534 775 591 Domini
799 534 826 588 in
849 548 912 603 pro·
962 534 1111 590 estuantis.

123 630 204 685 lunda
218 643 296 698 grosse
307 627 475 697 conspicere,
487 626 575 696 aliqua
587 625 704 681 elatione
716 630 910 694 turgescerent,
997 625 1076 680 Vere.
1093 626 1138 680 bl.
1163 624 1339 695 Confircantur
1354 626 1463 682 Donrr'no
1483 628 1664 683 nriscrr'ccrdr'oe
1683 630 1751 698 ejus,

122 735 192 777 ncnc
205 734 299 774 eorum
314 718 449 788 procellas
464 726 492 772 ct
504 717 602 772 linctus
617 724 816 785 consequenter
828 727 911 784 expo·
961 722 985 767 et
1004 715 1133 768 mirabilia
1152 717 1207 787 ejas
1228 716 1289 785 filiis
1308 716 1449 772 hominurn.
1477 717 1554 772 Venit
1574 718 1607 771 ad
1630 721 1751 786 nointanr

122 815 170 868 ait.
186 811 268 876 llicit,
280 817 302 864 et
317 809 386 864 stetit
399 809 504 878 spiritus
519 808 649 875 procella,
659 805 793 877 signillcat
803 820 856 876 qrra
867 803 911 859 nlo
961 805 1119 871 sectionem,
1131 805 1178 860 ubi
1193 807 1291 876 gratias
1304 821 1384 877 agere
1397 807 1510 863 Domino
1522 818 1642 862 muctam
1657 817 1750 863 monet

122 903 251 958 Dominae
270 909 444 968 tempestates
467 898 668 953 tribulationum
694 906 845 951 nostrarum
868 896 910 965 pia
964 894 1131 949 Ecclesiam:
1148 895 1209 966 quia
1231 896 1336 951 diversa
1362 898 1490 952 benctlcia
1516 898 1633 954 humano
1655 901 1748 969 generi

122 989 294 1047 miseratione
308 987 468 1058 suspendit:
486 1002 519 1042 ne
532 987 608 1042 malis
620 985 804 1042 crescentibus
814 984 911 1040 obrua-
962 985 1022 1054 pius
1044 987 1187 1041 raiserator
1200 986 1321 1043 indulsit.
1346 988 1399 1043 Sed
1420 989 1522 1058 inspice
1535 990 1606 1060 qaod
1626 990 1750 1061 eamdem

121 1099 190 1147 rrrur,
203 1081 250 1136 sed
266 1082 361 1135 iterum
374 1078 425 1134 nisi
438 1078 497 1144 ipso
509 1084 665 1146 protegente
677 1077 832 1131 liberemur.
849 1075 911 1130 llaec
960 1091 1069 1131 uersum
1086 1087 1182 1146 quarto
1205 1079 1328 1148 repetiit3
1354 1087 1384 1135 ut
1407 1079 1569 1149 quadrifaria
1592 1081 1636 1136 illa
1656 1081 1750 1139 mnndi

121 1172 215 1228 ortano
230 1167 307 1225 nohis
329 1169 358 1223 ιιι
378 1167 488 1238 majoris
502 1181 582 1222 causa
606 1168 730 1234 periculi.
755 1165 911 1221 Eaaltantnr
961 1167 1067 1232 divisio,
1084 1182 1163 1238 qoam
1177 1169 1302 1237 superius
1323 1169 1406 1237 dixit,
1431 1172 1524 1225 asciis
1538 1181 1596 1226 ortu
1611 1181 1634 1225 ct
1647 1189 1749 1242 creme,

121 1262 192 1317 enirn
211 1262 305 1331 ductas
320 1260 347 1313 ln
364 1258 643 1323 mentiboshumanis,
662 1256 768 1327 qnando
788 1266 911 1326 pommus
961 1263 993 1315 ab
1007 1261 1125 1332 aquilone
1139 1272 1162 1316 et
1176 1265 1261 1329 mari,
1286 1263 1329 1318 his
1352 1264 1520 1320 concordans
1543 1266 1664 1333 partibus
1688 1265 1750 1321 red-

121 1353 226 1407 meritis
250 1350 349 1405 nostris
372 1349 493 1417 attribui,
518 1347 589 1403 unde
612 1346 669 1402 sola
683 1346 910 1402 ridemurdirina
961 1350 1087 1417 deretur;
1112 1361 1242 1424 qrratcous
1264 1355 1351 1411 ddelis
1371 1357 1505 1412 conless'o
1527 1358 1624 1428 uhiaoe
1638 1358 1749 1426 mdem,

121 1444 205 1515 gratia
221 1456 299 1512 posse
313 1441 433 1496 liberari.
450 1439 502 1496 Sed
517 1439 562 1495 isti
575 1442 670 1509 ductus
685 1437 840 1494 narratione
854 1438 911 1506 pul·
962 1440 1060 1509 abinoe
1080 1441 1257 1497 celeberrima
1281 1454 1443 1500 cantaretur.
1477 1444 1648 1517 congruebat
1676 1449 1750 1507 enim

122 1535 253 1591 cherrima
266 1531 463 1588 describuntur.
479 1530 625 1585 decendunt
640 1528 706 1583 enim
720 1544 798 1596 usaue
812 1529 846 1582 ad
861 1544 911 1582 ca·
962 1541 991 1587 ut
1013 1547 1092 1586 onam
1117 1533 1295 1604 religionem,
1319 1552 1400 1592 unum
1422 1538 1571 1609 populum,
1599 1557 1678 1597 ursam
1701 1543 1751 1598 Ec·

122 1629 170 1695 los,
183 1626 290 1697 quando
304 1623 395 1679 saculi
408 1623 569 1678 elationibus
582 1622 737 1691 eriguntur;
751 1621 910 1674 descendunt
962 1623 1085 1690 clesiam,
1106 1639 1158 1680 una
1179 1640 1284 1696 quoque
1303 1629 1433 1685 sanctitas
1452 1630 1648 1702 predicationis
1666 1632 1751 1690 iuclu-

122 1733 200 1788 rsgac
214 1715 248 1769 ad
261 1714 376 1785 abgssos,
396 1727 456 1767 cram
472 1711 500 1765 in
515 1712 731 1779 desperationem
755 1717 909 1779 metumque
925 1712 1047 1780 ssderct.

122 1807 302 1879 perverterint.
329 1806 361 1860 Et
376 1804 435 1860 uide
449 1803 513 1874 quid
533 1802 664 1868 seqnitur,
680 1802 766 1854 aalma
781 1816 869 1854 eoram
882 1800 910 1854 ia
999 1809 1075 1864 vers,
1090 1808 1134 1867 32,
1160 1808 1193 1864 ει
1214 1812 1324 1866 aarum
1339 1829 1396 1867 mm
1410 1815 1437 1866 g,
1451 1814 1556 1869 ,cerasa
1571 1815 1661 1886 prem-5,
1682 1827 1708 1871 θ,
1721 1816 1750 1872 g,

122 1898 196 1951 mill
207 1895 365 1960 lssbt’toebsslt
377 1896 478 1963 utique,
490 1891 615 1962 ι1101111111
627 1890 754 1958 usquead
766 1889 910 1959 llf⁰f¹¹⁰d²³
961 1899 1084 1953 cathedra
1097 1901 1226 1955 seniorum
1238 1901 1301 1974 [ms.
1313 1901 1336 1958 G
1346 1913 1373 1959 el
1383 1905 1439 1970 ed,
1452 1904 1552 1978 senum]
1564 1907 1667 1961 laudent
1680 1924 1749 1965 mm.

122 1987 234 2057 abyssos
249 1985 392 2040 lormidine
407 1983 523 2038 iaciente
537 1980 741 2037 descenderant.
760 1979 911 2036 Tabesccbat
962 1991 1078 2046 [regirari
1094 1991 1158 2048 dreng
1173 1994 1332 2062 commum,
1355 1996 1399 2063 qur
1415 2011 1498 2066 sup„
1513 2012 1607 2052 ,mnes
1621 1998 1750 2056 ,mmmm

121 2077 192 2134 enim
208 2084 236 2132 et
249 2075 276 2131 in
291 2076 361 2130 bono
376 2075 491 2143 positam
507 2081 560 2138 est,
586 2073 654 2127 sicut
671 2072 823 2141 trigesimus
837 2079 911 2125 octa-

123 2184 173 2223 rus
187 2167 304 2239 psalmus
318 2165 401 2220 dicit:
428 2165 460 2218 h't
475 2163 601 2219 tabescere
613 2163 695 2233 [celari
710 2163 775 2215 sicut
789 2177 910 2216 araneam

122 2264 234 2318 arrimanr
244 2261 300 2333 ejus
311 2258 396 2332 (Psal.
407 2273 515 2323 rxxvur,
527 2258 583 2326 li).
600 2257 650 2313 Sed
665 2256 707 2310 hic
718 2256 778 2311 ideo
790 2255 909 2311 additum

121 2361 178 2420 cst,
200 2351 367 2425 innabant
386 2350 411 2404 in
431 2365 481 2420 qua
497 2358 570 2419 parte
586 2347 766 2418 peritomen,
789 2347 911 2404 absolute

122 2443 258 2499 debuisset
273 2441 394 2508 intelligi.

161 2532 236 2587 Voss.
248 2532 292 2585 tt.
306 2529 410 2584 Turbati
423 2538 492 2596 saal,
505 2537 529 2583 ιι
539 2529 658 2583 commoti
671 2537 729 2582 sunl
739 2527 805 2581 sicut
814 2527 909 2595 ebrius,

123 2634 147 2680 st
163 2624 243 2679 omnis
255 2621 379 2690 sapientia
393 2638 480 2675 aarum
493 2620 611 2673 decorata
625 2627 672 2674 est.
693 2618 731 2673 lle
746 2618 810 2688 ipsis
823 2618 911 2673 adhttc

122 2718 188 2774 dicit
206 2717 240 2771 de
259 2716 357 2787 quibos
377 2713 499 2783 superius
519 2714 569 2779 ait,
594 2712 679 2765 aniona
692 2727 779 2766 sarram
792 2712 820 2765 ιιι
835 2711 910 2765 malis

963 2090 1148 2151 terrarumque
1168 2093 1314 2153 potestates
1328 2085 1453 2142 excelsus
1467 2094 1525 2152 est;
1550 2101 1603 2140 non
1623 2086 1693 2156 quod
1713 2086 1750 2144 illi

962 2173 1105 2244 quidquam
1121 2175 1204 2244 possit
1218 2174 1297 2242 addi,
1321 2173 1369 2229 sed
1392 2183 1420 2230 ut
1441 2190 1490 2230 nos
1504 2176 1530 2230 ia
1547 2175 1629 2243 ipsius
1645 2176 1749 2232 exalta·

964 2264 1036 2319 tione
1049 2262 1194 2319 debeamus
1208 2266 1307 2336 augeri.
1324 2264 1390 2320 Nam
1403 2266 1510 2337 quando
1525 2280 1586 2321 eum
1598 2267 1750 2338 cogitamus

962 2361 1041 2420 atone
1064 2353 1220 2419 laudamus,
1245 2353 1393 2410 immensus
1417 2363 1445 2410 et
1469 2354 1749 2424 incomprebensibils

962 2452 1073 2511 apparet
1086 2443 1248 2500 ditissimus.
1265 2444 1316 2501 llic
1325 2453 1415 2500 autem
1428 2446 1533 2514 plebeus,
1546 2461 1598 2502 non
1613 2449 1751 2517 quodcun-

963 2550 1015 2606 quc
1028 2535 1161 2606 alrjectum
1173 2538 1311 2595 bominum
1323 2554 1406 2610 genus
1417 2540 1546 2597 debemus
1557 2541 1691 2611 accipere,
1702 2541 1750 2598 scd

963 2627 1036 2683 illam
1063 2630 1180 2685 nobilem
1204 2646 1322 2702 seraque
1347 2633 1476 2702 religione
1500 2635 1665 2704 pollentem,
1691 2649 1751 2706 quat

965 2716 1105 2773 Dominam
1131 2720 1263 2790 religiosis
1287 2719 1390 2774 actibus
1416 2733 1522 2789 seraper
1546 2722 1655 2777 exaltat.
1682 2722 1750 2781 Nam

122 2807 275 2862 tabescebat.
302 2805 409 2860 Turbati
428 2814 509 2870 suat,
533 2801 565 2857 ad
590 2801 773 2857 conlusionem
796 2801 911 2869 pertinet

123 2914 235 2967 sensos;
256 2898 376 2953 commoti
389 2905 463 2963 sant,
479 2895 512 2950 ad
528 2895 583 2950 iras
598 2897 720 2963 protinus
736 2891 908 2948 crornendas.

122 2990 291 3060 Quapropter
306 2988 396 3043 talium
411 2986 565 3054 sapientiam
579 2983 644 3038 dicit
664 2997 725 3037 esse
742 2982 909 3051 deglutitam,

964 2822 1023 2862 cunr
1034 2808 1109 2875 dicit,
1120 2820 1144 2863 et
1155 2811 1181 2864 in
1192 2811 1313 2865 cathedra
1325 2813 1453 2866 saniorum
1466 2814 1568 2868 landent
1578 2829 1645 2880 eram,
1657 2829 1751 2875 omnes

965 2898 1088 2954 doctores
1109 2901 1229 2970 precipit
1249 2902 1341 2956 laudas
1362 2903 1467 2958 Donrini
1484 2917 1647 2972 personare,
1666 2906 1710 2975 otri
1723 2906 1751 2962 ιιι

123 3082 186 3152 qnia
199 3081 330 3150 sapientia
345 3095 398 3135 non
421 3086 510 3149 potest
532 3076 583 3132 nisi
608 3075 678 3144 apud
693 3074 800 3144 orrictos
819 3074 911 3144 etim·
927 3101 949 3164 C
965 3095 1136 3138 soccessores
1161 3095 1281 3141 ueterum
1312 3086 1467 3155 pontificum
1495 3103 1556 3144 esse
1583 3100 1751 3150 mernerunt,

125 3174 295 3243 perturbatos
309 3173 412 3227 animos
427 3169 552 3226 irruenirl.
577 3167 711 3237 Sapientia
733 3166 912 3221 eorumbene
964 3173 1045 3244 369
1057 3172 1216 3228 cathedram
1230 3174 1363 3244 siquidem
1376 3177 1530 3236 doctoribus
1543 3179 1612 3248 dari,
1625 3181 1653 3236 in
1665 3181 1752 3252 primo

125 3263 160 3319 de
171 3265 222 3318 illis
231 3264 329 3319 dicitur
338 3263 383 3334 qui
394 3263 443 3317 sihi
456 3271 517 3317 ante
530 3260 688 3315 ridebantur
698 3272 759 3314 esse
769 3259 912 3313 doctores:
964 3262 1066 3331 psalmo
1079 3260 1246 3319 sulhcientcr
1257 3265 1408 3334 expositura
1424 3277 1475 3323 est.

124 3354 173 3412 sed
192 3370 252 3411 eant
270 3363 376 3410 constat
389 3368 449 3409 esse
463 3352 638 3423 deglutitam,
663 3365 724 3421 gum
748 3349 913 3419 perturbatis
1001 3352 1076 3407 l’ers.
1088 3354 1132 3409 55.
1150 3353 1216 3418 Quia
1228 3357 1310 3425 posuit
1323 3357 1430 3424 numina
1441 3358 1468 3412 s'n
1481 3357 1619 3426 dmentem,
1632 3369 1655 3415 et
1668 3361 1751 3418 esitus

124 3447 260 3504 mentibus
276 3461 329 3501 rron
349 3444 477 3516 praeralet
494 3457 635 3513 apparere.
662 3442 710 3497 llis
729 3441 809 3512 igitur
821 3456 913 3497 erem·
964 3461 1088 3516 aquarum
1102 3447 1128 3500 in
1141 3447 1221 3501 sitim.
1246 3447 1360 3503 Causam
1382 3447 1470 3505 reddit
1490 3465 1575 3521 guare
1587 3450 1683 3508 debeat
1696 3452 1751 3507 bo·

965 2989 1086 3044 cartredra
1108 2992 1237 3047 seniorum
1258 2992 1378 3050 residere
1403 3006 1566 3062 noscuntur;
1591 2995 1683 3054 idest
1705 2998 1751 3070 gul
1834 2999 1840 3010 “

124 3539 179 3610 plis
200 3548 344 3595 monentur
357 3536 530 3602 sacerdotes,
552 3543 583 3589 nt
606 3533 721 3588 Domino
743 3534 913 3600 supplicent;

125 3642 256 3703 qrrateuos
279 3645 326 3686 cor
345 3643 440 3685 eorum
465 3629 491 3682 in
517 3626 667 3681 humilitate
690 3625 856 3691 consolidet,
879 3640 914 3683 ns

125 3722 264 3780 diabolicis
280 3720 473 3777 tentationibus
487 3718 660 3774 ventilentur.

163 3815 240 3871 Vens.
254 3813 301 3869 98.
327 3812 361 3867 Et
376 3813 546 3867 clamaverant
560 3811 594 3864 ad
608 3808 748 3863 Dominam
762 3824 818 3862 cunr
833 3808 912 3863 triba·

127 3910 252 3973 iurentur,
267 3916 290 3963 ct
304 3910 335 3963 de
348 3904 539 3961 necessitatibus
552 3918 640 3958 earum
655 3901 768 3956 liberauit
780 3917 832 3958 cos.

164 4002 239 4058 Vera.
251 4002 296 4057 bb.
312 3999 345 4054 Et
357 4000 446 4055 statuit
461 3997 600 4065 procellam
614 3997 669 4066 ejus
684 3996 712 4049 in
724 4010 825 4060 aurora,
841 4001 865 4047 ct
878 3993 914 4048 si·

127 4096 228 4149 luerunt
239 4095 333 4162 flnctus
346 4093 411 4162 ejas.
427 4089 467 4144 llli
481 4088 555 4144 velut
566 4086 644 4152 ebrii,
658 4101 770 4154 quinum
783 4085 913 4154 sapientia

127 4183 253 4253 deglutita
269 4179 421 4247 ridebatur,
444 4179 563 4233 clamore
577 4174 678 4231 salubri
693 4174 726 4229 ad
742 4174 834 4229 vitalia
848 4189 913 4228 cou-

964 3538 1037 3591 miuo
1057 3538 1180 3592 cenitari
1200 3538 1277 3593 turba
1293 3538 1431 3597 lidelinm:
1454 3542 1515 3611 quia
1529 3543 1671 3613 reprobata
1688 3559 1752 3614 per·

964 3627 1026 3681 ludia
1040 3627 1205 3692 Jurlaeorum,
1221 3629 1310 3684 omnis
1325 3628 1463 3700 plenitudo
1477 3632 1551 3687 venit
1570 3631 1603 3687 ad
1624 3632 1751 3702 populum

964 3718 1155 3773 clarissimum.
1171 3716 1223 3772 illa
1234 3720 1366 3789 siquidem
1380 3723 1500 3793 flumina,
1516 3723 1543 3778 hl
1557 3732 1599 3779 est
1613 3727 1752 3807 propheta

964 3807 1005 3862 rel
1019 3808 1133 3877 apostoli
1150 3823 1203 3863 non
1217 3809 1388 3866 credentibus
1402 3811 1503 3868 tuceta
1518 3814 1551 3869 ad
1566 3814 1671 3871 deserta
1685 3831 1752 3886 gau·

964 3897 1029 3952 tium
1044 3900 1218 3954 transierunt.
1235 3899 1300 3954 Nam
1315 3914 1375 3956 cum
1388 3903 1469 3958 vcrha
1483 3903 1530 3960 llei
1545 3914 1688 3962 contumax
1703 3919 1752 3976 po·

964 3991 1042 4061 polus
1055 3989 1226 4046 llebraeorum
1243 3992 1418 4062 spiritualiter
1431 4008 1598 4064 nequaqnam
1613 3998 1751 4064 suscipere

964 4085 1108 4148 voluisset,
1131 4084 1204 4140 rehrt
1228 4082 1288 4138 loris
1310 4085 1426 4154 irriguus
1443 4086 1579 4141 derivatus
1600 4088 1633 4143 ad
1656 4097 1752 4159 gentes

963 4175 1177 4230 rrrnnesdivinos
1192 4188 1281 4231 sermo
1302 4176 1446 4231 translatus
1465 4184 1527 4246 cst,
1552 4186 1581 4234 et
1600 4176 1665 4235 lacti
1688 4190 1752 4240 suut

127 4274 186 4329 eilia
200 4272 346 4328 redierunt.
371 4269 411 4323 Ad
426 4267 562 4322 Dominam
576 4258 677 4339 quippe
694 4264 835 4328 conversi,
858 4277 914 4320 cce·
964 4265 1111 4333 uberrimi,
1134 4264 1179 4333 qui
1202 4266 1276 4336 prius
1299 4265 1392 4322 siccati
1416 4266 1522 4322 lucrant
1545 4269 1668 4325 ariditate
1689 4272 1752 4341 p'ee-

127 4372 223 4433 perunt
236 4377 296 4419 csse
308 4362 363 4431 jam
376 4359 470 4416 sobrii.
486 4358 554 4426 Quid
570 4367 658 4412 aotcm
673 4356 758 4425 egerit
772 4354 913 4410 auxiliaris
965 4357 1027 4411 cati.
1053 4355 1208 4411 llirabilitcr
1222 4364 1311 4411 autem
1327 4356 1428 4412 dietum
1444 4365 1500 4423 est,
1523 4358 1605 4414 esitus
1626 4376 1753 4430 agnarum

128 4456 229 4512 clamor
240 4454 393 4523 exponitur,
408 4462 431 4505 ct
447 4452 477 4504 de
490 4448 680 4503 necessitatibus
695 4463 784 4501 corum
797 4445 911 4500 liberauit
928 4445 991 4533 nia
1006 4446 1085 4512 sitias,
1101 4445 1128 4499 id
1141 4454 1192 4511 cst,
1207 4444 1239 4498 ad
1253 4455 1347 4514 gentes
1359 4460 1419 4513 guae
1430 4460 1513 4516 aqrras
1524 4447 1648 4504 scelestes
1661 4449 1751 4505 sitient·

128 4560 179 4601 cas.
195 4543 263 4614 lpsae
273 4554 361 4599 autem
373 4541 560 4605 necessitates,
569 4537 794 4608 quemadmodum
805 4545 915 4592 reruotae
968 4546 1008 4592 ter
1031 4537 1183 4601 haurirent,
1207 4550 1261 4590 non
1286 4542 1315 4589 ut
1337 4533 1423 4590 tuoaei
1444 4533 1575 4592 exitiabili
1598 4547 1753 4612 contempta

128 4636 202 4702 sint,
229 4634 371 4703 allegorica
401 4630 581 4699 descriptione
607 4635 761 4682 narrantur.
788 4624 916 4696 Sequitm
967 4636 1135 4698 respuerent.

129 4727 210 4791 enim,
224 4733 247 4779 ct
261 4723 350 4779 statuit
372 4722 511 4792 procellam
525 4721 580 4784 eius
594 4720 621 4772 ιιι
635 4734 738 4785 auram,
753 4726 777 4771 ct
791 4719 914 4771 siluerunt
1001 4717 1078 4773 Vers.
1094 4719 1138 4773 δι.
1165 4716 1270 4771 Terram
1292 4716 1453 4787 fructiferam
1474 4718 1502 4771 in
1525 4720 1716 4788 salsilaginem,
1736 4737 1753 4776 a

129 4819 222 4886 fluctus
235 4816 300 4885 ejus.
324 4813 482 4881 Tempestas
506 4811 549 4865 illa
572 4809 729 4872 saevissima,
744 4822 804 4876 gum
818 4806 852 4861 ab
866 4807 913 4861 hu·
966 4807 1064 4859 nrolitia
1078 4805 1274 4861 inhabitantium
1289 4806 1315 4857 iu
1328 4822 1367 4859 aa.
1393 4806 1460 4872 eria
1476 4805 1549 4873 prius
1564 4806 1667 4861 dixerat
1688 4822 1752 4877 gen·

130 4920 205 4960 mana
219 4905 539 4975 tragilitatenonpotcrat
553 4901 690 4964 srrstincri,
708 4897 734 4951 in
748 4894 913 4966 aurnjnssa
966 4900 1031 4952 tium
1056 4896 1261 4961 evocationem,
1285 4910 1346 4966 quoe
1379 4898 1495 4966 pertinet
1517 4896 1551 4950 ad
1574 4896 1751 4964 Christiano«,

132 4994 274 5065 disparuit,
294 4993 489 5059 corricstirnoue
505 4989 592 5057 lragor
606 4987 653 5041 illc
667 4986 834 5042 sevientium
858 4997 914 5038 ma·
966 5000 1037 5041 nnnc
1059 4984 1124 5039 dicit
1148 4985 1333 5053 expulsionem
1348 4983 1520 5046 ludaeorum,
1547 4999 1608 5055 qua
1631 4985 1682 5040 illis
1706 5000 1753 5055 per

131 5087 214 5142 lorum
229 5087 343 5155 imperio
357 5084 525 5139 llominantis
539 5079 682 5135 obmotuit.
967 5075 1118 5146 superbiam
1140 5076 1296 5144 provenisse
1316 5074 1478 5131 declaratur.
1505 5075 1585 5130 Terra
1604 5077 1675 5131 enim
1696 5087 1753 5132 erat

166 5180 243 5235 lars.
260 5181 304 5235 30.
326 5177 360 5231 Et
373 5177 452 5231 letati
466 5185 523 5229 sant
537 5174 599 5239 quia
612 5173 756 5230 siluerant:
774 5178 797 5224 ιι
811 5168 917 5222 deducit
967 5167 1115 5237 fructifera,
1140 5164 1247 5233 quando
1268 5178 1385 5234 superna
1402 5165 1532 5236 religione
1554 5165 1683 5231 llorehst;
1707 5167 1753 5223 sed

131 5289 171 5328 sos
193 5273 220 5325 in
243 5280 345 5339 portum
370 5267 507 5322 uoluntatis
521 5280 625 5328 aaruru,
645 5273 668 5316 et
683 5262 714 5314 dc
729 5257 917 5314 nscessitatibus
969 5256 1036 5311 iacta
1051 5266 1092 5311 cst
1104 5254 1241 5325 salsilago,
1251 5269 1311 5311 cum
1324 5253 1428 5310 Domini
1441 5264 1573 5325 precepta
1583 5257 1754 5324 contempsit.

129 5378 215 5417 eornm
229 5361 343 5414 liberarit
362 5376 414 5414 eor.
443 5356 511 5412 llicit
532 5354 602 5425 qood
626 5353 696 5407 solet
718 5360 776 5421 post
798 5349 916 5420 pericula
968 5349 1069 5403 llnmor
1092 5348 1164 5402 enirn
1188 5346 1275 5401 salsos
1299 5344 1430 5400 fructibus
1453 5344 1581 5415 probator
1605 5346 1754 5403 aduersos:

129 5454 219 5509 labore
234 5454 309 5508 iussis
324 5465 475 5520 errrcrgcre,
492 5459 520 5503 ιιι
534 5464 563 5502 se
577 5446 706 5516 gaudeant
725 5443 824 5513 ingenti
840 5440 916 5496 elude
966 5437 1027 5508 goia
1044 5436 1195 5507 ubicunque
1209 5437 1364 5492 dominatus
1379 5434 1474 5501 luerit,
1498 5437 1610 5505 gratiam
1633 5435 1751 5491 fecundi·

129 5545 270 5606 liberatos,
289 5541 396 5612 girando
411 5540 443 5595 ad
461 5550 565 5611 portum
583 5524 716 5607 coeperint
730 5534 822 5589 verrire
838 5531 915 5586 totis·
966 5530 1029 5584 tatis
1044 5528 1190 5597 intercipit.
1207 5528 1260 5584 Sed
1274 5543 1358 5598 guare
1372 5527 1426 5584 illis
1438 5528 1581 5599 contigerit
1596 5544 1675 5584 causa
1689 5529 1740 5585 sah

128 5639 236 5694 simum.
258 5635 351 5691 Portos
366 5635 437 5689 enim
452 5647 467 5687 a
482 5631 621 5701 portarrdis
638 5626 748 5686 naribrrs
761 5634 801 5682 est
815 5625 911 5682 dictrrs.
964 5620 1056 5690 juncta
1076 5626 1136 5676 cst:
1157 5627 1265 5690 propter
1281 5620 1406 5675 malitiam
1419 5620 1520 5679 scilicet
1534 5636 1628 5679 eorum
1643 5619 1689 5692 qui
1703 5630 1752 5676 ter·
