3802 6120
108 252 162 309 not

569 259 749 318 uxrostttu
770 261 802 318 tn·
823 261 1051 320 ttsluttttttttt.
1073 264 1169 321 esst.
1190 266 1284 325 xcix.

1695 276 1753 337 ⁶98

109 379 168 437 ¹⁰¹3
184 368 308 426 gpgpgug
321 369 459 428 chrisum,
475 372 617 428 nominum
632 375 748 431 adorare
770 376 901 445 praecipit,
919 374 1101 443 Anilegorice
1113 385 1218 431 eorrstat
1229 378 1351 450 intelligi.
1367 379 1501 451 Allegoria
1519 393 1561 438 est
1576 385 1647 440 enim
1664 387 1753 459 figura

108 463 170 530 auia
188 463 247 532 ipe
262 466 335 520 novit
357 466 488 521 exaudire
511 482 579 536 quos
601 468 697 538 diligit.
720 469 801 525 Deata
826 471 901 538 plelrt

108 561 169 618 quar
186 553 220 614 de
246 555 291 608 tali
306 555 404 625 gaudet
419 556 533 626 imperio
550 576 556 611 :
572 560 653 614 vitale
678 561 776 630 quippe
791 559 900 616 deside-

953 463 1027 518 aliud
1042 464 1147 527 diceas,
1161 476 1190 520 et
1205 466 1277 522 aliud
1292 469 1470 539 significans..

987 552 1065 608 Vers.
1080 554 1107 607 2.
1125 556 1225 611 Servite
1242 557 1353 613 Domino
1369 561 1395 614 in
1410 563 1518 629 ltctitim
1538 565 1630 621 intrare
1642 567 1668 620 in
1682 583 1751 622 con·
1828 584 1831 587 ·

106 648 179 703 rium
194 656 236 703 est
249 661 396 716 agnoscere
410 659 438 704 ct
450 664 541 705 amare
551 652 719 707 Creatorem.
732 653 902 723 Quapropter
949 652 1035 713 specta
1044 646 1101 715 ejas
1112 647 1138 698 in
1151 647 1333 705 exsultatione.
1346 649 1536 708 Licetservitia
1546 655 1749 714 Dominidirer-

103 742 314 799 assultationem
332 745 409 800 rtolris
421 754 528 800 moveat
542 748 650 802 auditus
671 747 802 804 Dominus
818 750 900 805 Clrri·

103 845 174 888 stus.
189 832 289 890 Fidelis
301 837 372 891 servi
388 844 431 891 est
442 837 554 908 diligere
566 839 761 896 dominantem.
774 841 840 897 Nam
851 844 898 914 qui

101 938 157 978 non
172 925 253 980 natet
267 926 455 982 clarissimum
468 928 674 998 gubernatorem
693 947 783 1000 suum,
796 935 854 1003 ipse
868 948 899 990 tc

102 1016 245 1084 praeterae
259 1019 435 1076 horrendum.
460 1021 560 1077 Natura
574 1025 672 1094 quippe
686 1041 776 1081 rerum
791 1036 852 1094 est,
868 1037 898 1082 ut

103 1106 137 1164 ab
153 1122 191 1164 eo
214 1116 243 1166 te
264 1110 338 1179 diligi
359 1125 439 1180 passe
463 1112 617 1168 nullatenus
633 1115 793 1180 arbitreris,
815 1133 895 1186 auem

102 1198 181 1252 cinara
194 1209 283 1255 mente
297 1215 349 1254 noo
364 1201 480 1270 appetit.
508 1204 655 1275 Diligamus
669 1206 760 1279 igitur,
776 1219 808 1264 ut
821 1225 897 1267 aare·

102 1304 180 1359 mur;
196 1305 368 1360 qrraeramus,
389 1303 418 1347 ut
434 1294 617 1362 inveniamus;
634 1302 795 1369 pulsemus,
820 1313 848 1358 ut
861 1304 895 1359 ad

103 1395 160 1437 eum
174 1386 308 1440 accedere
322 1387 467 1443 valeamus.
483 1389 581 1443 Contra
596 1406 692 1447 omnes
706 1397 839 1451 amentias
852 1406 896 1452 est

104 1486 159 1528 aum
174 1475 406 1548 tepideqmerere,
421 1493 500 1548 auem
516 1481 563 1537 tibi
579 1485 722 1554 cognoscis
735 1496 835 1543 eterna
847 1488 895 1545 lre·

105 1567 195 1622 ncdcia
211 1583 292 1637 posse
307 1580 446 1640 prestare.

228 1709 410 1769 axeosttto
428 1713 461 1769 td
480 1715 642 1775 rstttttttt
662 1719 753 1776 xcix.

321 1828 442 1887 Psalmar
455 1833 482 1886 ivr
495 1835 665 1904 consertione.

130 1935 197 1994 Cum
218 1938 374 2010 lrcouenter
389 1943 415 1999 in
435 1947 546 2015 psalmis
565 1951 651 2020 posita
673 1954 708 2007 sit
728 1968 777 2023 pru
798 1972 888 2014 rernm

103 2033 295 2101 opportunitate
309 2038 453 2106 consertio,
469 2039 514 2094 lric
529 2050 618 2097 tamen
633 2043 658 2098 ia
675 2045 752 2104 titulo
768 2048 887 2118 singula·

99 2119 159 2178 dier
169 2124 439 2197 probaturascripta:
453 2145 559 2199 revera,
570 2134 631 2204 qnia
644 2144 714 2191 totus
723 2139 889 2209 iricpsalmus

93 2213 125 2269 ad
145 2226 277 2287 utrasque
294 2220 409 2288 pertinet
427 2223 621 2283 consessiones.
647 2229 702 2285 Una
725 2244 766 2288 est
781 2237 890 2305 quarrdo

88 2317 204 2371 peccata
219 2321 312 2365 nostra
327 2311 499 2382 deplorantes
519 2316 585 2390 [ed.
602 2319 815 2398 depromentesl,
833 2329 889 2383 cul·

75 2399 198 2469 nobiles
217 2417 267 2456 nos
289 2416 403 2475 reosque
428 2408 598 2478 profitemur,
622 2425 650 2468 et
676 2418 889 2477 miseriordiam

80 2486 200 2547 Domini
223 2496 422 2551 concedendam
439 2499 515 2556 nobis
534 2502 583 2571 piis
606 2503 713 2562 lletilrus
735 2524 888 2568 evocamus.

73 2584 199 2652 attera,
216 2602 278 2643 eum
292 2589 349 2644 sire
370 2591 447 2647 uobis
462 2594 592 2650 beneficia
612 2599 708 2654 collata
730 2601 888 2672 laudamus,

70 2676 146 2733 eive
160 2678 225 2733 aliis
246 2682 361 2748 praestita
379 2699 441 2739 eum
462 2701 555 2756 magna
580 2691 757 2749 exsultatione
777 2711 888 2751 venera·

66 2782 162 2825 mur.
177 2769 319 2828 Corrlessio
332 2775 403 2830 enim
415 2779 489 2846 attasi
501 2779 619 2836 conlatio
635 2783 740 2853 dieitur,
756 2787 813 2842 sive
829 2805 887 2858 poc-

65 2864 216 2932 nitenia,
234 2866 292 2921 sive
306 2867 364 2923 laus
379 2871 522 2926 multorum
535 2888 583 2929 ore
595 2876 743 2945 celebrata3
756 2896 815 2948 arrae
826 2883 885 2940 ideo

60 2955 302 3026 mediatricem
323 2960 356 3016 ad
372 2962 502 3032 plurimos
517 2967 653 3034 pertinere
673 2982 845 3030 monstretur.

381 3103 480 3161 Divitia
491 3108 594 3179 psalmi.

109 3238 156 3301 ,Ιι
171 3242 256 3311 prima
269 3253 343 3312 parte
359 3247 453 3315 psalmi
468 3251 595 3320 proplreta
610 3265 763 3313 commonet
778 3259 886 3315 univer·

63 3327 216 3400 starem,
231 3345 261 3389 ut
282 3336 420 3392 Dominum
434 3338 532 3397 debeat
544 3343 594 3397 sub
609 3361 703 3416 magua
715 3349 884 3419 jucunditate

65 3415 211 3491 laudare,
223 3427 285 3496 qrria
297 3431 363 3484 tanti
374 3429 478 3486 Domini
491 3435 565 3489 triste
577 3451 629 3492 noo
642 3439 719 3495 dccet
731 3445 881 3498 servitium.

67 3508 126 3571 Et
140 3534 173 3574 ne
185 3534 295 3590 semper
310 3523 360 3577 lroe
374 3540 473 3595 genere
488 3531 665 3587 errnlessioois
679 3536 807 3591 utendam
823 3554 883 3595 crc-

66 3604 166 3665 duret
187 3611 366 3685 Christianus,
382 3619 499 3674 secunda
517 3631 591 3690 parte
605 3626 683 3691 dicit,
708 3639 736 3683 ut
750 3632 879 3687 malorum

66 3703 240 3758 nostrorum
264 3706 361 3763 delicta
387 3713 570 3779 penitentes,
600 3718 770 3790 indulgentias
799 3725 881 3793 ipsius

66 3791 181 3848 tunm
205 3796 307 3852 intrare
334 3815 503 3871 mereamur,
527 3808 588 3878 quia
618 3810 880 3887 misericordiosius

64 3884 227 3945 neminen
245 3889 272 3943 iu
288 3900 431 3950 retemum.

356 4031 490 4108 deportato
507 4041 610 4110 prelati.

125 4169 202 4228 vers.
221 4173 245 4227 l.
261 4172 376 4230 latitare
396 4176 460 4248 Dea,
475 4183 557 4237 arnaria
572 4195 648 4239 terra.
664 4186 768 4245 Sollicit
779 4204 799 4245 as
818 4208 880 4263 pro·

55 4255 168 4320 Nrcta
179 4264 213 4321 de
224 4268 322 4335 populo
333 4269 413 4333 ddeli,
428 4287 462 4327 ne
472 4288 501 4329 se
512 4286 616 4344 pataret
624 4281 674 4335 sulr
682 4285 818 4339 anxietate
832 4287 880 4340 tri-

57 4351 169 4412 talne
187 4359 296 4415 Christo
310 4362 424 4418 Domina
433 4370 610 4437 serviturum,
621 4375 735 4443 primum
756 4379 880 4446 ajrrlriln-

50 4435 257 4520 lionecoepit,
268 4454 328 4517 auia
341 4454 396 4523 ipsa
405 4457 518 4528 estjusti
529 4463 758 4529 perlectadevatio
767 4469 880 4528 Domina

47 4530 133 4595 *nu
148 4544 249 4597 meritis
263 4543 430 4613 jucunditate
445 4548 587 4621 famulari,
608 4557 677 4612 sicut
691 4566 718 4613 et
734 4561 880 4630 Apostolus

47 4624 177 4690 'nodet
193 4652 200 4688 :
217 4634 324 4708 Semper
337 4644 459 4710 pandere,
479 4647 535 4700 siue
547 4648 735 4707 interrnisrione
749 4666 836 4724 orate,
852 4658 881 4712 ivr

45 4722 202 4781 oerroribus
213 4730 311 4798 pretias
327 4733 395 4801 aptae
410 4733 437 4803 (l
453 4735 540 4792 There.
558 4755 585 4808 v,
602 4742 643 4808 td,
666 4745 709 4809 li,
726 4748 781 4817 tu).
800 4748 832 4804 Et
847 4765 881 4806 oe

42 4814 141 4882 quis
154 4833 187 4874 se
208 4819 318 4877 minime
335 4824 458 4881 crederet
481 4840 637 4897 evocatum,
655 4835 773 4902 addidit,
798 4842 882 4897 omnia

47 4900 171 4975 ‘erm
187 4919 218 4964 nt
233 4912 290 4981 ipse
310 4914 381 4970 ioter
394 4916 516 4974 lrorrrines
532 4936 584 4976 narr
600 4925 723 4981 videatur
744 4930 879 4998 existere,

42 4996 124 5067 (lui
141 5001 213 5055 lianc
228 5017 320 5059 vacem
337 5006 467 5065 detrectat
486 5014 589 5070 audire.
604 5016 732 5074 lutilatio
751 5030 793 5076 est
807 5025 879 5080 enim

47 5083 167 5154 (sieut
187 5108 261 5162 saepe
275 5096 403 5170 diximus)
423 5117 520 5174 magno
534 5111 632 5165 mentis
649 5112 747 5180 gaudio
758 5131 880 5175 eommo-

47 5180 153 5251 Neri,
166 5201 219 5240 noa
231 5196 319 5243 tamen
332 5192 357 5244 in
368 5194 510 5252 articulata
521 5200 601 5255 vcrlra
611 5217 797 5274 prorumpere.
812 5209 877 5266 Nam

48 5277 152 5347 qaod
173 5276 257 5343 ditit,
268 5279 393 5348 jerilate,
410 5294 436 5339 et
457 5287 610 5358 subjanxit,
630 5298 712 5348 urrtat'a
726 5306 805 5364 terra,
823 5301 879 5356 sre-

48 5371 198 5439 quenter
213 5380 238 5425 et
254 5386 301 5440 per
315 5389 392 5429 casus
406 5382 542 5436 nominum
557 5387 750 5459 discrepantes,
768 5408 878 5463 rrmgnus

53 5443 184 5512 ‘odient
206 5474 314 5516 sensus.
338 5464 403 5520 Nam
427 5485 487 5525 eum
517 5483 585 5528 terra
609 5477 736 5548 singulari
766 5498 878 5540 ratramno

55 5546 267 5619 tleaurrtietnr,
279 5556 390 5626 jabilate
403 5561 482 5627 dicit,
499 5569 570 5636 quod
586 5571 619 5624 ad
637 5576 766 5641 pluralem
784 5595 877 5636 nnme-

63 5644 142 5696 futu
149 5655 254 5698 certum
263 5656 305 5703 est
313 5654 462 5721 pertineam
476 5669 504 5714 ut
514 5660 580 5715 itanc
592 5673 686 5720 terram
697 5671 729 5723 ad
742 5673 874 5741 lrorrrines,

67 5738 138 5790 naa
151 5733 185 5790 ad
207 5737 329 5798 tellurem
351 5746 498 5807 astirnares
521 5769 580 5812 esse
602 5758 787 5835 rcicrendam,
803 5771 874 5840 paud

950 734 988 789 sis
1002 734 1142 790 videantur
1157 737 1254 794 oilleiis
1266 741 1406 810 expediri,
1422 755 1450 798 ut
1462 755 1524 800 snat
1538 748 1747 807 ordineseovle·

950 824 1063 890 siastici,
1085 829 1247 884 monasteria
1260 830 1390 899 lldelirrm,
1403 838 1523 891 eremite
1538 840 1667 904 solitarii,
1684 841 1744 899 laici

949 916 1054 984 devoti;
1067 921 1156 973 omnia
1174 928 1261 976 tamen
1276 924 1308 977 ad
1327 925 1375 979 ista
1392 929 1441 982 tria
1453 930 1533 984 verba
1552 933 1659 1002 proprie
1671 936 1742 990 relc·

949 1017 1056 1074 rumor,
1068 1019 1098 1063 ut
1108 1010 1223 1066 Dotniuo
1233 1014 1283 1070 snb
1296 1015 1388 1070 latitia
1404 1020 1549 1086 serviatur,
1561 1039 1613 1078 uorr
1629 1025 1654 1078 ia
1670 1041 1743 1081 mur-

948 1102 1102 1158 muratione
1119 1113 1165 1158 ant
1180 1107 1360 1164 amaritudine
1375 1115 1487 1177 mentis,
1500 1115 1569 1170 sicat
1585 1117 1682 1174 iactum
1698 1131 1745 1179 est

948 1187 974 1243 iu
985 1190 1103 1259 deserto,
1115 1195 1224 1265 quaudo
1234 1206 1327 1252 eontra
1341 1200 1481 1257 Dominum
1492 1204 1504 1259 J
1509 1206 1618 1263 adricus
1630 1212 1744 1279 populus

947 1286 1134 1339 murmuravit.
1151 1287 1204 1342 Sed
1217 1288 1267 1342 ista
1280 1290 1370 1345 latitia
1381 1292 1472 1364 ntique
1483 1297 1600 1353 clraritas
1615 1307 1668 1365 est,
1683 1317 1742 1370 quar

946 1374 1028 1439 (sicut
1040 1375 1105 1431 dicit
1115 1378 1271 1452 apostotus)
1284 1400 1335 1437 nan
1344 1385 1461 1455 inflatam,
1473 1405 1525 1443 aaa
1535 1393 1587 1459 apic
1596 1409 1741 1464 paperem,

946 1481 996 1519 narr
1009 1475 1045 1520 ert
1056 1468 1191 1524 conditiora
1205 1471 1230 1543 ll
1246 1471 1305 1527 Cur.
1319 1490 1376 1542 aru,
1393 1476 1432 1549 5),
1448 1486 1475 1533 et
1488 1481 1588 1553 reliqua
1600 1499 1660 1554 qua
1672 1486 1742 1541 lranc

945 1556 1070 1613 virtutem
1093 1564 1228 1631 egregiam
1254 1565 1369 1622 mirabili
1394 1574 1548 1629 narratione
1572 1575 1738 1635 describunt.

944 1650 1112 1723 Quapropter
1128 1656 1166 1710 illi
1180 1657 1230 1711 sulr
1244 1656 1336 1715 latitia
1355 1662 1468 1719 Domina
1481 1669 1604 1724 serviunt
1616 1672 1660 1741 qui
1676 1687 1737 1728 eum

907 1762 932 1822 Β
945 1755 1025 1812 supra
1043 1755 1140 1800 cuneta
1159 1747 1285 1818 diligunt,
1301 1762 1329 1807 ct
1343 1753 1456 1810 invicem
1471 1773 1501 1812 se
1516 1758 1634 1816 iraterua
1650 1766 1739 1818 citari·

947 1842 1003 1890 tate
1016 1838 1171 1904 respiciant.
1188 1841 1210 1894 0
1233 1841 1316 1898 libera
1331 1846 1460 1902 servitus!
1478 1854 1646 1906 oservitiam
1658 1869 1739 1924 snpra

943 1936 1051 1981 cunetas
1071 1927 1265 1987 dotcrinationes
1289 1935 1415 1991 eximium
1428 1979 1436 2004 ,
1451 1942 1547 2009 qnilrus
1563 1943 1623 1998 talis
1645 1946 1737 2001 laetitia

944 2018 1086 2089 tribuitur,
1109 2024 1196 2092 qualis
1221 2026 1247 2080 irr
1273 2042 1415 2096 regnorum
1430 2032 1513 2101 gloria
1537 2051 1589 2091 non
1607 2038 1734 2096 lralretur!

943 2108 996 2166 Sed
1015 2114 1094 2168 istam
1118 2117 1239 2172 laetitiam
1255 2135 1315 2189 qum
1329 2125 1356 2177 io
1376 2123 1427 2180 lroc
1448 2128 1548 2183 mundo
1567 2133 1735 2202 praecipitur,

943 2203 1091 2274 videquale
1100 2210 1240 2277 premium
1250 2213 1441 2284 subsequatur.
1453 2218 1521 2275 Dicit
1533 2224 1604 2278 eninr
1617 2240 1625 2278 t
1638 2223 1738 2282 latrare

943 2295 971 2348 ia
992 2309 1128 2369 contepmta
1147 2305 1204 2372 ejas
1225 2305 1253 2358 in
1274 2308 1453 2364 exsultatione.
1478 2311 1560 2369 llnlto
1584 2315 1736 2388 diilrcilius,

942 2391 1028 2445 multo
1041 2399 1212 2460 prestantius
1223 2406 1265 2452 cst
1276 2408 1339 2456 ante
1348 2407 1413 2459 tanti
1426 2404 1523 2472 judicis
1536 2409 1654 2480 gaudere
1668 2426 1734 2467 corr·

942 2491 1076 2556 spectum,
1093 2488 1137 2543 alvi
1151 2491 1191 2545 s'te
1201 2494 1347 2551 convenire
1356 2499 1521 2556 couscientia
1534 2514 1732 2575 commonetur,

944 2584 972 2630 ut
989 2579 1085 2647 gandia
1110 2591 1172 2638 tunc
1193 2594 1281 2641 smnat
1295 2587 1463 2658 numilitatis,
1484 2596 1590 2664 quando
1607 2598 1730 2668 superbit

943 2669 1068 2724 omrrilrus
1084 2673 1211 2739 probator
1222 2690 1281 2731 esse
1295 2679 1431 2736 terribilis.

978 2757 1053 2812 Vers.
1075 2761 1101 2815 5.
1120 2761 1217 2818 Scitote
1230 2770 1298 2834 quod
1313 2766 1376 2839 [ms.
1393 2776 1438 2838 ι,
1451 2772 1584 2845 arconium]
1606 2774 1733 2833 Dominus

937 2846 991 2916 ipse
1005 2859 1042 2902 cat
1055 2850 1138 2917 Deam
1153 2854 1207 2924 ipse
1215 2857 1275 2923 {ecit
1288 2874 1343 2926 viee,
1356 2869 1379 2914 et
1390 2878 1438 2914 narr
1451 2866 1500 2932 ipsi
1509 2882 1553 2919 nos
1568 2882 1635 2921 :nor
1645 2878 1731 2924 antem

938 2941 1050 3011 populna
1065 2946 1138 3015 ejus,
1161 2957 1184 3001 et
1199 2965 1255 3003 orrea
1277 2969 1380 3020 porcae
1394 2958 1458 3026 ejas.
1481 2958 1507 3010 ln
1530 2961 1619 3029 capite
1638 2977 1733 3019 versus

939 3030 1017 3101 hujus
1030 3045 1124 3090 eontra
1139 3039 1277 3107 perfidiam
1293 3044 1411 3113 loquitur
1425 3047 1591 3117 taurorum,
1613 3055 1657 3122 qni
1675 3055 1729 3112 Do·
1799 3119 1802 3124 Δ

896 3137 922 3198 (2
939 3123 1041 3177 minum
1053 3125 1220 3183 Salvatorerrr
1232 3146 1285 3184 rron
1298 3134 1414 3201 putando
1429 3136 1522 3206 Deum,
1537 3140 1563 3195 in
1575 3140 1730 3201 Creatorem

937 3236 1014 3278 suum
1031 3238 1127 3278 manus
1142 3225 1253 3295 injicere
1269 3243 1507 3303 presumpserant.
1524 3238 1633 3302 Scitote,
1648 3240 1729 3309 divit,

937 3314 1093 3386 iutelligite,
1109 3319 1178 3390 praed
1194 3321 1243 3376 iste
1260 3321 1382 3378 Dominus
1398 3343 1477 3397 qrrem
1495 3330 1539 3385 Dei
1563 3331 1658 3389 Filium
1680 3336 1732 3393 tui·

937 3407 1009 3462 alate
1032 3408 1200 3474 credidistis,
1220 3413 1274 3480 ipre
1296 3426 1332 3470 eet
1352 3414 1421 3473 Deae
1443 3421 1487 3491 qai
1506 3421 1567 3477 iecit
1583 3425 1680 3480 eoelum
1703 3434 1732 3485 et

937 3507 1052 3565 terram,
1076 3503 1120 3571 qui
1135 3518 1184 3557 nos
1202 3520 1308 3576 qnoque
1327 3510 1360 3563 ad
1378 3526 1452 3567 suam
1469 3515 1612 3586 imaginem
1634 3520 1732 3576 simili·

936 3589 1111 3662 tudinemque
1138 3594 1289 3664 plasmavit.
1315 3598 1350 3653 Et
1376 3617 1410 3656 ne
1433 3613 1557 3673 putarent
1585 3607 1728 3666 lrumauam

936 3683 1100 3738 creationem
1115 3694 1218 3754 patrum
1233 3691 1328 3745 semini
1342 3708 1402 3751 esse
1412 3697 1608 3767 deputandam,
1622 3703 1731 3773 adjecit,

934 3782 960 3829 et
973 3789 1023 3826 non
1045 3776 1094 3842 ipsi
1113 3792 1170 3831 nor.
1192 3777 1258 3834 Nam
1274 3785 1396 3850 quamvis
1412 3789 1544 3844 nativitati
1561 3803 1660 3847 uostrre
1678 3794 1730 3849 mi-

935 3863 1075 3919 nisterium
1098 3867 1218 3935 praebeat
1233 3874 1350 3927 carnalis
1364 3880 1503 3948 operatio,
1520 3890 1610 3939 tamen
1632 3884 1676 3941 ille
1701 3886 1728 3941 iu

935 3955 1005 4008 lrurrc
1028 3956 1157 4012 muudum
1184 3975 1236 4015 nos
1258 3964 1387 4033 probatur
1401 3968 1554 4039 adducere,
1574 3974 1617 4044 qni
1632 3987 1728 4032 cuncta

935 4046 998 4102 iacit
1012 4047 1045 4103 ad
1065 4048 1234 4108 existentiam
1250 4060 1400 4125 pervenire.
1420 4059 1561 4131 Sequitur,
1581 4083 1626 4122 nor
1641 4080 1726 4124 actem

933 4138 1044 4209 poprdas
1058 4143 1124 4212 ejas,
1141 4153 1164 4196 et
1178 4159 1234 4199 aces
1250 4163 1352 4213 pascua
1366 4154 1431 4223 ejas.
1450 4153 1528 4209 Venit
1542 4157 1574 4212 ad
1596 4161 1724 4230 populum

933 4227 1039 4282 fidelem
1060 4245 1107 4300 per
1127 4239 1343 4304 comparationes
1366 4244 1581 4317 pulcherrimas,
1604 4254 1665 4323 qtrid
1690 4256 1727 4312 sit

932 4318 1088 4374 ostendeus.
1106 4319 1180 4391 Oret,
1204 4326 1264 4394 qnia
1280 4330 1417 4401 simplices
1432 4345 1505 4405 suat,
1521 4341 1617 4411 etipse
1632 4359 1724 4402 caram

931 4416 1022 4476 pastor
1049 4421 1089 4465 est
1117 4427 1207 4469 verus.
1231 4416 1332 4474 Pascua
1357 4425 1426 4494 ejas,
1454 4427 1480 4485 id
1507 4440 1549 4487 est
1572 4435 1725 4495 divinarum

893 4489 1131 4570 DScripturarum
1154 4508 1262 4576 eopiosa
1288 4520 1315 4568 et
1328 4513 1414 4573 dulcis
1434 4522 1563 4588 epulatio.
1586 4528 1644 4598 lpsa
1662 4540 1726 4587 snat

933 4608 1030 4660 pascam
1043 4594 1141 4663 quibus
1162 4597 1249 4655 fidelis
1264 4604 1352 4660 anima
1367 4609 1523 4681 saginatur,
1539 4622 1567 4669 et
1583 4619 1615 4670 ad
1630 4619 1726 4676 iuturat

933 4685 1107 4745 beatitudinis
1122 4704 1229 4748 arumna
1243 4696 1410 4764 perducitur.
1433 4704 1478 4760 Sic
1492 4705 1551 4761 istis
1565 4709 1650 4766 trilrus
1665 4728 1725 4768 ver·

934 4775 1008 4830 silvas
1023 4779 1180 4848 compleras
1196 4793 1237 4838 ast
1251 4787 1314 4855 quid
1329 4803 1420 4862 agere,
1436 4796 1499 4864 qnid
1514 4799 1645 4869 credere,
1659 4805 1724 4874 qaid

931 4863 1082 4937 intelligere
1096 4868 1192 4926 debeat
1208 4873 1386 4937 Christianus.

968 4957 1043 5014 Vere.
1060 4958 1087 5017 d,
1103 4961 1204 5019 lettrate
1219 4977 1305 5034 partae
1320 4976 1377 5044 ejas
1391 4977 1417 5032 in
1436 4984 1639 5055 consessionem,
1656 4994 1724 5048 atria

931 5051 986 5119 einr
1008 5052 1036 5104 io
1059 5054 1161 5124 lrgmnis
1185 5063 1383 5129 confessionam.
1405 5068 1522 5128 laudate
1543 5095 1633 5134 nautea
1655 5086 1721 5155 ejas.

931 5139 1010 5195 Venit
1021 5143 1053 5197 ad
1069 5148 1214 5204 secundam
1231 5163 1350 5222 partem,
1367 5171 1398 5213 at
1410 5165 1470 5231 qnia
1485 5171 1606 5238 superius
1617 5173 1722 5231 dirremr

931 5233 958 5287 in
974 5234 1079 5290 Domini
1103 5240 1226 5299 laudibus
1241 5263 1302 5303 csse
1319 5248 1510 5326 jubilandum,
1527 5278 1598 5318 nuuc
1614 5267 1721 5326 eluceret

930 5327 1155 5391 quemadmodum
1187 5334 1225 5390 illi
1254 5336 1437 5415 unnsquisque
1464 5349 1560 5407 delreat
1587 5357 1719 5418 candteri.

930 5413 1020 5470 Parte
1043 5420 1146 5475 Domini
1168 5436 1231 5480 sunt
1247 5429 1354 5487 lrumilis
1373 5440 1542 5509 paenitentia,
1559 5445 1719 5515 lraptisrrtum

918 5521 1051 5577 sacrum,
1064 5511 1182 5568 elraritns
1196 5530 1304 5586 sancta,
1318 5522 1509 5600 eleemosyna,
1525 5535 1718 5611 misericordia,

929 5608 1080 5670 caeteraque
1096 5606 1231 5672 mandata,
1249 5625 1296 5677 per
1310 5629 1368 5695 ιιι
1383 5616 1415 5670 ad
1432 5618 1490 5690 ejus
1502 5639 1644 5693 possumus
1660 5649 1719 5702 per·

929 5689 1020 5743 venire
1040 5704 1224 5762 errrrspectum.
1255 5700 1381 5758 llortattrr
1399 5725 1463 5780 crgo
1489 5717 1626 5787 propinata
1641 5723 1737 5794 ’ω

929 5787 955 5832 ιι
971 5793 1017 5850 ιιι
1034 5782 1105 5846 traua
1118 5784 1282 5851 humilitatis
1302 5795 1512 5863 contessionem
1523 5851 1532 5877 ,
1542 5810 1638 5879 prtum
1647 5810 1756 5880 'meme
