3802 6120
71 257 127 312 ’etti
555 247 735 309 EXPOSlTIO
754 252 786 306 ΙΝ
808 247 1150 306 caulinianensis.
1171 247 1234 307 cti.
1665 256 1717 316 750

69 369 225 424 intrrrsrurn
243 368 299 424 sire
320 362 516 438 preteritarum
541 383 648 432 rerum;
674 367 794 438 proriip'n
808 379 873 420 reno
889 366 914 424 Α
926 363 987 433 quis
999 358 1133 435 AEgyptiis
1147 365 1247 420 iocosa
1263 367 1411 436 perniciosa
1424 367 1501 424 clade
1514 370 1659 428 sentiretur
1671 385 1718 430 etr·

68 465 211 534 pertinent
225 464 257 517 ai
274 463 409 518 mirabiles
420 471 543 525 erectius,
555 462 600 529 ptri
616 463 642 514 in
664 476 755 516 rerum
773 460 870 513 ordine
925 467 1029 523 ceptus

67 566 154 612 antea
165 571 219 608 nntr
234 555 350 609 luerunt.
370 553 521 626 Prodigium
535 554 604 608 enim
621 552 721 607 dictum
738 562 781 604 est
792 549 826 603 alr
840 561 873 603 co
964 543 1040 602 l'ers.
1051 546 1095 601 52.
1108 544 1199 602 Posuit
1214 546 1313 619 plurius
1325 565 1414 605 corum
1425 551 1451 605 in
1461 554 1621 623 grandinem,
1633 555 1719 629 iguem
1806 548 1817 557 ”

68 648 147 720 qnod
163 662 244 718 porro
257 647 337 701 dicat.
352 645 404 703 Sed
421 646 478 700 lime
492 646 567 717 signu
580 656 604 700 et
616 646 737 718 prodipiu
750 646 776 699 in
788 642 873 714 AEgy-
924 636 1114 692 comburentem
1127 639 1152 691 in
1164 647 1233 693 terra
1246 637 1309 712 [tus.
1323 640 1353 695 E.
1366 649 1393 696 et
1410 642 1467 709 ed,
1476 643 1582 718 terrum]
1592 647 1719 718 ipsorum.

68 740 139 809 ptiis
162 739 230 793 laeta
254 746 326 802 sutri,
349 746 394 802 ut,
410 736 480 792 sicut
506 738 651 792 multorum
675 734 784 792 Patruus
808 734 874 788 dicit
963 730 1038 787 lices.
1055 731 1099 786 55.
1115 730 1149 785 Et
1161 733 1285 803 percussit
1299 734 1382 788 trineur
1396 751 1484 788 eurum
1497 746 1521 791 ct
1535 738 1660 806 ficulneas
1676 756 1721 796 eu·

68 831 240 899 auctoritas,
255 827 355 898 aliquid
381 828 577 898 portenderent
600 826 755 883 Christiano
775 828 874 895 populo
925 834 999 885 rum,
1014 831 1037 874 ct
1059 822 1176 875 contririt
1190 837 1264 876 omine
1286 822 1385 894 lipsium
1408 824 1500 894 finium
1524 843 1622 883 corum.
1648 829 1719 885 Ultio

68 922 254 995 subsequenti
270 939 277 989 ;
293 919 365 992 quod
387 920 443 976 suis
464 919 533 975 loris
556 918 696 992 aptissime
711 928 874 975 commune·
925 910 1018 980 quinta
1043 923 1179 967 narratur.
1195 910 1296 967 Similis
1318 923 1359 968 cst
1382 915 1513 985 superiori
1537 920 1678 976 sententie
1693 930 1721 978 et

111 1124 194 1181 Vens.
223 1122 269 1178 28.
294 1122 367 1178 llicit
387 1124 501 1179 tenebras
523 1131 547 1177 ct
569 1123 712 1177 obscurarit
734 1138 776 1177 cos
790 1137 800 1175 .·
813 1123 876 1193 guin

68 1217 292 1272 annumerant
304 1231 433 1270 sermones
442 1219 509 1284 ejus.
522 1213 658 1284 negantur
668 1213 777 1283 quidem
792 1214 875 1284 AEgp·

69 1311 125 1380 ptii
137 1308 211 1364 aeris
236 1306 360 1363 tenebras
377 1306 449 1362 inter
468 1306 562 1377 plagas
575 1306 692 1375 reliquas
715 1305 873 1375 pertulisse;

70 1401 125 1457 sed
146 1400 244 1455 melius
264 1399 447 1468 intelligamus
469 1398 551 1453 corda
572 1412 665 1452 corum
679 1396 764 1453 luisse
786 1396 876 1468 potius

72 1491 234 1554 obscurata,
247 1489 291 1559 qui
309 1488 414 1544 Domini
429 1497 563 1557 praccepta
578 1486 798 1541 contemnebant.
820 1485 876 1540 Ec·

74 1582 263 1636 uceciuucrunt
275 1591 365 1635 autem
380 1576 514 1649 signiticst
527 1579 625 1634 acerbe
638 1583 813 1647 acceperunt,
829 1587 876 1633 aut

74 1686 155 1732 certe
170 1674 309 1746 injuriosis
322 1672 566 1730 aboririnationibus
580 1681 753 1741 respuerunt.
769 1672 835 1727 llam
847 1673 874 1728 in

925 1001 976 1057 ista
990 1001 1098 1068 locutio,
1111 1002 1156 1057 ubi
1169 1002 1205 1057 ait
1218 1019 1225 1055 :
1243 1001 1332 1056 Posuit
1345 1004 1417 1060 ineis
1428 1011 1503 1060 ucria
1515 1008 1647 1079 ripaeorum
1659 1028 1720 1066 suo·

926 1111 994 1152 runi.
1012 1090 1115 1160 Posuit,
1129 1093 1223 1149 statuit
1243 1089 1376 1164 signiticat
1388 1111 1419 1152 ao
1430 1097 1559 1155 decrerit.
1580 1100 1721 1173 AEgyptio·

926 1201 987 1241 rum
1009 1185 1081 1241 enim
1106 1185 1194 1241 adhunc
1210 1189 1346 1258 plagarum
1366 1190 1534 1244 enumeratio
1549 1202 1719 1260 perseuerat,

926 1283 957 1329 ut
971 1276 1061 1344 pluria
1075 1292 1133 1347 quae
1147 1273 1180 1332 ael
1204 1278 1395 1335 iecutrditatcm
1412 1287 1491 1334 terete
1504 1280 1594 1348 datur,
1609 1297 1721 1341 conres-

927 1374 1030 1423 teretur
1049 1366 1075 1422 in
1091 1365 1229 1439 grandinis
1246 1369 1354 1425 noriam
1376 1373 1721 1441 uastitatem;cu1'usicttrs

927 1472 980 1512 non
999 1459 1086 1513 mitius
1100 1457 1246 1528 intercipit,
1263 1475 1342 1531 quam
1357 1461 1402 1516 ubi
1418 1460 1535 1531 lapidum
1550 1465 1626 1534 copia
1638 1463 1721 1521 densa

926 1548 1065 1605 ceciderit.
1082 1549 1143 1604 liare
1167 1565 1290 1619 agrorum
1305 1546 1454 1620 liquoreum
1475 1553 1602 1620 probatur
1627 1535 1727 1610 irruen-⁴

927 1637 1017 1704 (lium,
1029 1653 1090 1694 cum
1105 1647 1176 1694 tactu
1191 1639 1274 1696 nonio
1289 1640 1390 1696 lroetns
1403 1639 1531 1710 asciscit,
1548 1657 1721 1714 quoscunque

79 1769 220 1838 plagarum
247 1768 367 1838 ipsarum
395 1765 602 1823 emmennone
629 1774 786 1834 mmmm
813 1763 875 1820 [ΜΗ
893 1731 1049 1801 Bsaxatilis
1063 1732 1132 1788 rrtrda
1147 1732 1318 1802 percusserit.
1333 1728 1423 1804 lpncrn
1442 1749 1507 1790 reno
1525 1735 1721 1801 concinnentem,

67 1862 199 1927 initium.
211 1860 268 1916 lion
284 1861 356 1917 enim
371 1858 405 1914 ad
420 1859 525 1929 reliqua
537 1856 629 1913 venire
645 1857 805 1927 potuissent,
822 1855 874 1912 nisi

83 1953 236 2009 obscuratis
267 1953 394 2007 sensibus
425 1950 606 2005 incurrissent
638 1948 876 2020 profundissimam

84 2046 246 2113 ueciuterm
261 2046 333 2115 quod
346 2055 374 2100 et
389 2043 469 2100 bodie
481 2045 521 2101 siu
544 2042 602 2099 lieri
627 2043 797 2114 peccantium
813 2056 878 2099 usos

86 2138 215 2197 ostendit.
261 2147 266 2155 ’

119 2250 200 2306 Vers-
214 2247 261 2305 29.
277 2248 405 2304 Consulit
426 2265 507 2321 nqueo
526 2264 616 2304 eorum
632 2249 659 2304 in
674 2248 841 2319 sanguinem,
855 2256 880 2302 ct

84 2343 176 2401 occidit
186 2345 269 2415 pisces
280 2358 379 2397 eorum.
395 2342 464 2399 llicit
477 2341 622 2399 secundam
642 2342 757 2413 plagam,
772 2355 833 2411 que
848 2341 894 2395 in-

86 2437 197 2493 bistoria
213 2434 296 2490 Exodi
312 2435 397 2506 prima
415 2433 525 2505 legitur;
540 2433 588 2490 sed
604 2435 669 2504 ipsa
683 2434 769 2505 plage
783 2432 878 2488 tenura

84 2528 167 2585 eladis
178 2529 277 2585 indicia
293 2527 463 2583 nuntiabant.
478 2525 606 2582 conuertit
616 2526 688 2582 enirn
699 2541 778 2598 aquus
791 2540 880 2580 eorum

84 2622 110 2675 in
132 2621 294 2693 sanguinem,
323 2619 450 2689 quoniam
479 2625 559 2674 erant
583 2618 656 2675 inter
684 2617 767 2672 maris
796 2615 880 2671 Rubri

84 2712 185 2769 fluenta
199 2710 324 2781 perituri.
341 2709 430 2764 Pisces
440 2726 529 2764 cerunt
547 2710 625 2764 occisi
636 2720 707 2774 tunt,
722 2723 756 2764 ne
769 2721 832 2778 spes
843 2707 883 2763 vi·

87 2803 169 2860 rendi
188 2802 343 2858 bominibus
358 2801 451 2857 relicta
474 2799 622 2868 rideretur,
639 2799 747 2870 quando
761 2798 825 2854 illud
841 2808 884 2855 est

87 2896 163 2953 iuter
178 2895 271 2952 latices
285 2905 429 2962 mortuum,
446 2894 516 2964 quod
531 2895 622 2950 natiso
633 2892 769 2950 elemento
786 2891 884 2964 proba·

86 2987 169 3044 batur
182 2988 341 3044 enutritum.

930 1822 1043 1878 fulmina
1065 1822 1207 1895 significat,
1231 1840 1291 1894 pune
1317 1828 1404 1883 solent
1428 1829 1541 1884 excitata
1566 1840 1722 1902 tempestate

930 1915 1069 1972 desaevire.
1081 1919 1223 1988 sequntur,
1239 1927 1262 1973 ct
1277 1921 1401 1992 perussit
1415 1922 1501 1978 sinens
1514 1937 1603 1976 corum
1616 1935 1639 1978 ct
1654 1920 1723 1993 ficul-

929 2023 993 2061 neas
1007 2021 1107 2074 eorum,
1123 2018 1147 2063 ct
1169 2004 1286 2065 enutriris
1307 2026 1381 2065 enne
1395 2008 1493 2084 lignum
1514 2011 1605 2081 [inuium
1623 2029 1723 2074 eorum.

930 2098 1006 2164 Quod
1031 2097 1112 2165 dicit,
1135 2097 1276 2168 puercusn't,
1299 2101 1333 2156 ad
1357 2098 1495 2172 superiora
1520 2104 1644 2173 respicit,
1668 2108 1724 2164 site

930 2187 1097 2258 grandinem,
1112 2190 1169 2245 siue
1181 2188 1373 2263 fulminaque
1384 2196 1502 2254 coelestis
1514 2203 1631 2268 putentia
1646 2206 1725 2261 terris

930 2280 1003 2335 velut
1022 2281 1074 2336 teia
1098 2280 1194 2337 inlesia
1216 2282 1359 2352 jaculatur.
1376 2285 1458 2344 Eine
1476 2296 1580 2347 lantum
1600 2293 1724 2362 ficulneas

932 2380 1050 2441 putares,
1071 2379 1117 2426 aut
1131 2373 1216 2427 uirncar
1229 2390 1283 2429 erse
1301 2389 1451 2445 percussas,
1465 2379 1584 2451 addidit,
1599 2401 1674 2441 omne
1692 2388 1725 2440 u-

931 2483 1010 2538 pnum
1023 2465 1115 2535 finium
1129 2482 1216 2521 eorum
1225 2484 1234 2533 ,·
1248 2475 1314 2522 utet
1328 2479 1383 2524 sata
1399 2485 1451 2526 non
1465 2473 1603 2532 dubitares
1616 2490 1723 2546 euersa,

932 2561 977 2616 ubi
998 2559 1124 2616 arborum
1139 2576 1246 2631 quoque
1260 2556 1357 2616 robora
1372 2577 1548 2633 cognosceres
1563 2568 1645 2625 luisse
1658 2586 1724 2627 cott-

933 2654 1006 2710 trita.
1018 2653 1117 2723 iiajora
1131 2654 1202 2710 enirn
1219 2655 1359 2709 continent
1373 2655 1536 2713 intellectum
1550 2660 1696 2720 minorum.

971 2746 1047 2802 llers.
1069 2744 1117 2802 bl.
1134 2745 1217 2814 llicit,
1231 2755 1255 2800 ct
1268 2748 1334 2801 venit
1353 2742 1489 2806 locustu'ct
1509 2751 1635 2824 leucius,
1650 2757 1725 2826 cuius

933 2851 986 2893 non
1000 2842 1054 2890 nui
1070 2851 1199 2890 truuterus.

972 2927 1047 2984 Vere.
1068 2928 1114 2983 35.
1131 2922 1166 2982 Et
1180 2927 1288 2983 coneedit
1311 2943 1385 2984 omne
1399 2930 1488 3000 fenum
1510 2941 1583 2989 terroe
1603 2948 1689 2989 eorum
1700 2946 1728 3003 ct

935 3033 1035 3073 omncnr
1049 3020 1162 3090 [ructum
1181 3028 1256 3074 terre
1270 3019 1394 3091 ipsorum.
1408 3020 1489 3078 Sexta
1510 3021 1619 3080 inchoat
1637 3026 1725 3098 plaga.

122 3103 202 3159 Vera.
215 3104 261 3159 δι).
277 3103 349 3157 llicit
364 3104 390 3158 in
412 3112 609 3156 tetrametrum
630 3117 719 3165 tunes.
733 3108 757 3154 ct
770 3098 797 3153 ἱιι
810 3096 882 3153 tllt'·
896 3124 920 3191 ρ
934 3108 987 3164 Sed
1001 3117 1027 3165 et
1042 3111 1099 3163 innoc
1109 3109 1209 3165 locutio
1218 3111 1351 3180 superiori
1371 3111 1511 3168 sententiae
1522 3115 1617 3172 similis
1627 3132 1726 3188 appro-

85 3196 154 3250 liiaa
167 3211 255 3267 repunt
278 3196 405 3265 ipsorum.
420 3195 484 3250 llaec
503 3194 583 3249 tertia
605 3199 656 3248 est.
682 3190 818 3245 Ranarum
842 3188 882 3244 eis

84 3289 243 3344 societatem
259 3286 343 3355 dedit,
361 3289 422 3359 qrria
442 3296 470 3342 et
489 3287 539 3358 ipsi
554 3287 642 3341 iocum
658 3283 795 3354 accepturi
817 3297 881 3354 pro·

85 3379 419 3449 mnantursqnntterma
434 3390 487 3447 qno
508 3376 584 3447 signo
606 3388 658 3430 nec
674 3387 753 3442 reges
770 3386 881 3438 carum,

86 3469 113 3526 id
126 3479 171 3526 cst
182 3473 287 3541 priores
301 3472 407 3538 excepti
432 3477 504 3533 sunt,
519 3467 629 3538 anando
652 3472 730 3520 ernnt
743 3463 899 3519 altissimae·

86 3564 178 3636 abyssi
200 3564 372 3620 demersione
395 3563 528 3618 morituri.
553 3559 607 3617 Sed
629 3560 680 3614 lroe
700 3553 885 3613 intercutem

86 3656 152 3722 plus
166 3655 344 3710 videturesse
364 3653 501 3714 mirabile,
518 3659 547 3705 ut
560 3666 610 3706 nec
631 3663 723 3717 regum
739 3646 835 3702 domus
850 3645 884 3701 ab

87 3745 141 3801 bac
160 3746 238 3818 plaga
263 3754 440 3802 cernerentur
466 3742 712 3813 exceptaculum
738 3739 885 3793 multorom

86 3835 238 3891 urinisteria
264 3834 327 3891 talia
356 3846 480 3903 poterunt
505 3833 667 3888 submouere
694 3834 838 3898 purtenta;
855 3835 886 3882 ut

88 3925 231 3980 euidenter
244 3926 323 3981 detur
348 3924 474 3995 intelligi,
490 3922 569 3978 nullis
582 3921 679 3990 opibus
693 3919 826 3990 nullisque
841 3933 886 3975 so·

92 4014 169 4070 latiis
179 4014 278 4070 diuinis
298 4029 377 4087 posse
388 4013 556 4085 jussionibus
572 4010 685 4066 ebriari.

128 4125 206 4182 Vens.
223 4126 268 4182 st.
291 4126 385 4195 Dixit,
408 4137 433 4182 et
447 4127 514 4181 uenit
536 4124 671 4196 cgnomgiu
693 4132 717 4177 et
731 4121 844 4194 ciniphes
858 4123 886 4177 in

89 4219 211 4273 omatibus
235 4219 329 4288 finibus
352 4235 451 4275 corum.
468 4219 568 4286 Quarta
594 4217 671 4288 plaga
693 4215 883 4285 subsequitur,

89 4307 173 4374 Dixit,
194 4321 219 4364 et
239 4311 314 4364 uenit.
329 4309 357 4364 in
380 4325 502 4380 magnam
527 4308 732 4379 significantiam
758 4307 811 4361 duo
835 4308 885 4363 ista

88 4399 234 4467 conjuncta
257 4407 334 4464 sunt,
351 4401 412 4468 qtrin
438 4399 587 4454 ilicinitatis
613 4399 755 4468 imperium
782 4399 884 4454 nullum

934 3202 1024 3268 batur,
1037 3200 1064 3257 itl
1079 3210 1131 3269 est,
1144 3199 1225 3268 Dixit,
1237 3211 1260 3257 et
1273 3203 1338 3257 uenit
1352 3207 1487 3277 cynomyia
1496 3214 1520 3261 et
1533 3208 1656 3281 ciniphes.
1671 3211 1721 3268 Lo·

935 3304 1007 3350 custu
1020 3287 1084 3351 uero
1099 3305 1184 3352 mater
1201 3295 1295 3352 lrruclri
1310 3306 1361 3362 cst,
1385 3314 1466 3367 quern
1480 3301 1549 3355 rnala
1565 3301 1728 3363 fecunditate

935 3397 1106 3458 progenerat,
1121 3401 1180 3458 quau
1202 3387 1236 3443 ad
1255 3388 1326 3443 illam
1342 3391 1460 3457 praedata
1476 3393 1552 3462 quasi
1565 3406 1728 3452 ωιιιοιιιιιιι

935 3482 1069 3535 exercitus
1081 3494 1143 3534 corn
1166 3493 1217 3534 sua
1230 3480 1306 3549 prole
1320 3479 1473 3538 descendit.
1489 3483 1522 3537 Ει
1544 3499 1578 3538 ne
1601 3486 1728 3545 crederes

936 3568 1055 3626 inaniter
1067 3568 1220 3637 deductum,
1235 3587 1335 3627 omnem
1348 3573 1461 3643 [ructum
1473 3582 1546 3631 terroe
1558 3575 1631 3633 illius
1644 3577 1679 3634 ab
1689 3579 1729 3636 eis

935 3660 1000 3716 dicit
1013 3676 1074 3718 esse
1090 3672 1290 3733 constrmptum.

972 3751 1048 3807 Vers.
1065 3752 1109 3808 56.
1125 3746 1158 3806 Ει
1174 3754 1298 3822 percussit
1313 3766 1388 3809 onrue
1402 3755 1604 3827 primogenium
1618 3759 1645 3812 in
1662 3768 1730 3815 terro

937 3843 1058 3916 AEpppti,
1075 3848 1202 3917 primitius
1218 3849 1300 3902 omnis
1321 3849 1416 3905 laboris
1430 3867 1529 3906 eorum.
1545 3853 1624 3908 Vertit
1635 3855 1669 3910 ad
1683 3870 1729 3911 se·

937 3937 1059 4006 ptimam,
1076 3947 1206 4007 quantum
1221 3937 1255 3992 ad
1268 3939 1337 3994 hune
1353 3939 1485 4008 psalmum
1502 3943 1627 4012 pertinet,
1642 3947 1731 4000 noris·

937 4028 1032 4083 simam
1057 4029 1176 4099 plagam,
1190 4028 1234 4084 ubi
1257 4026 1313 4100 jam
1336 4029 1398 4086 uicti
1424 4022 1613 4103 AEgyptiotutn
1637 4034 1731 4106 populi

938 4123 1069 4178 nralorum
1086 4123 1281 4200 numerositate
1302 4134 1453 4180 cesserunt.
1475 4125 1541 4180 Nam
1555 4128 1732 4196 quremadmo·

938 4214 1002 4268 dum
1017 4211 1133 4283 amplius
1148 4213 1264 4268 tolerare
1284 4206 1420 4284 poterant,
1436 4215 1482 4287 ptri
1495 4224 1523 4272 et
1542 4218 1630 4272 ornnia
1643 4217 1732 4274 dulcia

938 4303 1122 4376 perdiderant,
1137 4316 1164 4360 et
1178 4305 1314 4362 desolatos
1325 4321 1355 4362 se
1368 4307 1432 4377 ipsis
1445 4323 1552 4378 quotins
1572 4310 1734 4368 victualibus

939 4395 1111 4451 sentiebant?
1126 4395 1170 4451 Sic
1184 4395 1300 4467 graviter
1311 4412 1359 4467 per
1374 4405 1464 4467 partes
1478 4400 1558 4467 perit,
1574 4399 1619 4468 nui
1634 4400 1735 4455 diuinis

89 4498 180 4560 potest
191 4489 325 4545 sustinere
337 4490 468 4545 tarditatis
479 4490 657 4545 obstaculum.
670 4489 735 4543 Noun
751 4491 773 4545 si
783 4491 888 4547 eriden·
900 4505 926 4565 D
937 4488 1102 4559 jussionibus
1115 4488 1302 4545 reluctandum
1316 4505 1376 4546 esse
1388 4489 1530 4560 putauerit.
1545 4491 1593 4548 llic
1607 4494 1735 4553 nonnulla

88 4590 133 4638 ter
147 4581 271 4636 intendas
291 4582 333 4637 uel
359 4583 415 4652 ipsa
438 4582 518 4637 rerba
541 4596 600 4652 quae
614 4579 664 4636 sibi
678 4579 803 4636 ridentur
827 4597 888 4638 csse

88 4673 204 4739 sociata,
220 4681 310 4728 tamen
324 4688 373 4742 per
382 4674 501 4745 syllabas
515 4687 577 4727 suas
591 4673 679 4744 aiiqtra
693 4688 767 4728 mora
781 4682 888 4743 protra-

89 4760 202 4817 ltuniur.
221 4761 310 4819 ionio
338 4775 427 4819 autem
454 4763 560 4818 [lorninl
577 4767 636 4819 'tton
662 4761 755 4819 dilatat
770 4772 886 4834 letrrpnsp

88 4853 201 4923 quando
212 4852 268 4922 jem
285 4855 341 4923 ipsa
361 4853 486 4908 uolurrtas
502 4851 612 4909 cllccttts
627 4862 678 4909 est.
694 4850 837 4925 Cpnompio
852 4857 888 4909 si·

86 4941 202 5015 gnificat
223 4957 342 4998 morsuum
357 4944 495 5009 caninam,
512 4946 692 5015 quaeamus
714 4946 813 5001 muscis
827 4959 887 5000 om-

88 5036 158 5092 uino
172 5035 325 5092 mordacior
339 5047 390 5102 est,
406 5045 433 5092 et
456 5037 655 5108 importunitate
669 5052 715 5092 sua
737 5036 888 5106 uiolentior,

88 5128 164 5185 unde
179 5127 268 5185 inlesti
289 5144 321 5185 ac
335 5131 474 5185 senissimi
498 5130 621 5185 animalis
643 5131 819 5186 derirntiuum
842 5146 889 5186 no·

31 5241 45 5261 ι
89 5238 156 5278 rnen
173 5223 283 5293 accepit.
302 5222 423 5292 diripiet
437 5238 522 5293 genus
535 5233 576 5279 est
589 5222 702 5278 culicum
719 5222 778 5279 inis
791 5222 890 5279 aculeis

88 5318 298 5387 permolestum,
313 5328 381 5385 quas
395 5317 488 5388 rrtlgus
498 5318 637 5372 consueuit
649 5331 745 5371 uocare
761 5316 887 5371 zinzalas.

87 5413 249 5478 Agnoscent
274 5405 397 5461 homines
418 5407 463 5477 qui
488 5407 568 5462 laturis
592 5407 751 5462 elationibus
773 5409 889 5463 intume-

88 5509 181 5564 scunt,
197 5499 324 5568 quoniam
345 5499 450 5556 Pharao
465 5501 509 5555 ille
531 5514 619 5555 serus
630 5508 657 5555 et
670 5498 753 5554 durrus
768 5515 816 5554 nce
832 5513 890 5556 mu-

88 5594 206 5661 seispar
219 5607 281 5648 esse
295 5601 409 5663 poterat,
424 5593 468 5660 nuri
492 5607 522 5648 se
543 5593 576 5647 de
596 5601 667 5647 tanta
685 5593 758 5663 regni
774 5593 890 5649 elatione

87 5684 218 5759 jactabat.
234 5684 268 5738 ln
283 5685 399 5739 omnibus
414 5695 503 5741 antem
528 5684 622 5754 linibus
646 5700 734 5739 eornm
759 5685 841 5752 dicit,
856 5701 891 5743 ne

939 4581 1052 4651 quaestio
1067 4581 1170 4637 ridetur
1183 4582 1295 4649 oboriri,
1310 4597 1359 4639 cur
1377 4583 1460 4656 358
1473 4595 1575 4655 septem
1590 4587 1735 4660 AEgyptio·

940 4689 998 4728 rum
1014 4675 1104 4745 plagas
1124 4680 1228 4730 tantum
1248 4677 1368 4746 psalmus
1387 4677 1438 4733 iste
1453 4691 1658 4748 commemoret,
1673 4698 1735 4739 cunr

941 4764 1006 4819 dece
1017 4782 1032 4817 n
1048 4765 1141 4819 sintin
1157 4763 1240 4820 Exodi
1256 4768 1410 4824 narratione
1424 4766 1577 4839 descriptae.
1596 4768 1733 4842 Frequen-

940 4863 982 4910 ter
991 4855 1108 4911 disimus
1121 4855 1146 4910 in
1156 4855 1303 4926 scripturis
1313 4857 1435 4928 diuinisa
1449 4868 1524 4928 parte
1539 4867 1624 4917 totum
1635 4861 1736 4918 debere

939 4942 1044 5009 sentiri,
1060 4946 1128 5001 sicut
1143 4947 1169 5001 in
1184 4944 1329 5017 Evangelio
1348 4948 1463 5019 legitur,
1490 4948 1601 5005 Verium
1616 4968 1677 5006 cern
1693 4953 1707 5023 f
1724 4985 1736 4997 ·

941 5047 1009 5090 ctum
1021 5047 1069 5106 est,
1086 5046 1108 5092 ct
1121 5036 1240 5091 liubituuit
1254 5037 1279 5092 iu
1295 5038 1366 5092 troiia
1382 5038 1472 5110 (loun.
1482 5055 1506 5109 r,
1520 5039 1579 5111 li);
1590 5044 1667 5113 quasi
1682 5058 1735 5098 noa

941 5130 1095 5184 unanimam
1109 5128 1187 5183 sirnul
1203 5128 1389 5199 assumpserit,
1406 5144 1485 5199 quam
1501 5131 1654 5199 specialiter
1666 5130 1736 5189 libe·

942 5233 1003 5276 rare
1013 5219 1196 5291 dignatusest.
1210 5218 1266 5287 Sic,
1282 5227 1492 5275 commemorata
1508 5235 1601 5287 carne,
1618 5220 1737 5281 simulet

943 5316 1031 5369 anima
1041 5315 1140 5384 suscipi
1156 5314 1256 5371 debere
1273 5313 1460 5383 cognoscitur;
1476 5314 1548 5384 quod
1564 5315 1656 5370 irruitis
1671 5316 1738 5376 loeis

943 5406 1049 5460 incenis
1064 5396 1123 5459 esse
1149 5405 1333 5474 praedicatum.
1351 5404 1453 5459 Deinde
1475 5403 1546 5474 quod
1567 5408 1739 5476 septenarius

944 5513 1071 5553 numerus
1095 5497 1210 5565 Spiritus
1224 5497 1309 5552 sancti
1322 5499 1417 5552 uirtute
1436 5497 1563 5565 probatur
1585 5512 1648 5555 esse
1675 5517 1737 5570 prer-

944 5591 1037 5645 loctus.
1054 5588 1147 5642 llerito
1170 5603 1235 5659 crgo
1259 5587 1352 5644 decem
1378 5588 1470 5658 plagas
1484 5589 1511 5643 in
1526 5593 1674 5660 septenarii
1690 5610 1737 5647 nrt·

944 5682 1010 5740 meri
1022 5679 1151 5737 relatione
1166 5679 1313 5751 conclusit,
1330 5689 1459 5737 utimum
1473 5684 1623 5752 perfectum
1640 5685 1739 5744 intelli·
1764 5685 1766 5691 '
