3794 6128
199 264 271 323 {503
804 261 841 319 ii.
861 257 1002 321 elilim!
1019 258 1221 321 casalonont
1765 262 1832 320 {lili

199 379 252 432 lira
270 390 347 434 meus
366 389 420 434 non
439 382 526 447 nutat,
551 389 605 432 uon
624 374 748 444 linctust,
768 389 823 432 non
843 386 967 432 moretur
979 391 989 445 ;
1002 380 1028 439 Δ
1041 374 1137 446 quieti,
1151 373 1274 431 homines
1291 370 1468 431 tacunarum
1484 388 1575 432 rerum
1589 370 1768 446 ludtpeuttsu
1780 391 1832 433 scs

197 469 261 525 etiu
275 478 356 524 tante
378 468 452 538 pacis
465 467 613 525 stabilitate
627 468 764 539 deligitur,
784 476 814 524 ut
833 467 988 523 nibiisiiud
1038 462 1181 523 babentes.
1197 462 1356 521 ibiuuliuut
1371 463 1450 521 arida
1462 463 1718 532 nulmtstesnrics,
1734 464 1833 523 uuilnu

198 568 296 632 prater
316 559 389 615 iliam
413 558 669 630 contemplationem
684 559 727 615 rel
746 574 870 629 quaerere
885 560 928 616 tei
941 573 988 616 co·
1038 554 1161 611 morbida
1172 553 1304 627 aspritudo
1318 554 1465 627 cousunut,
1479 555 1569 613 nullut
1579 555 1709 627 probatur
1722 555 1824 613 liberae

196 650 283 721 pilare
307 649 432 722 patiatur.
456 649 503 706 Sic
525 649 647 719 proreutt
668 663 776 720 semper
793 647 865 721 quod
885 648 988 717 libeat,
1037 644 1202 703 erubescere
1216 647 1374 715 nuditatem,
1388 662 1439 705 nec
1452 661 1612 721 quemquam
1627 649 1724 721 praris
1738 647 1833 718 iripors

196 738 371 808 quandonam
386 738 522 810 eritquod
539 738 680 810 pmniteat.
698 737 858 794 vacabimus
871 736 907 793 ibi
921 735 987 808 [ms.
1038 739 1210 809 contristant,
1222 755 1276 797 uou
1288 750 1371 799 astus
1384 741 1512 798 aniaeiunt
1526 755 1626 813 cerpus
1637 741 1834 810 auunculus

200 829 284 898 turi„
299 826 423 901 iliuclisl
431 839 521 886 tamen
535 844 647 887 munere
660 827 797 885 creatoris
810 825 988 898 concedatur)
1039 837 1211 902 reparatores
1230 831 1334 903 appetit
1353 845 1480 902 somnos,
1496 831 1541 891 ttbi
1560 845 1642 890 nemo
1663 831 1835 903 copuotcitur

198 936 251 976 nrm
269 929 380 991 torpore
393 920 505 979 desidia
521 922 648 988 resoluti,
662 921 709 978 sesi
724 921 880 992 adpratiam
896 920 986 991 perle-
1043 933 1104 977 esse
1118 918 1244 976 lassatus.
1258 918 1355 977 cunta
1368 920 1487 989 blanda,
1509 921 1599 977 omnia
1613 922 1726 988 sutria,
1740 930 1834 977 musta

173 1047 177 1059 ·
198 1013 287 1085 pltare
314 1014 421 1073 intenti.
436 1015 538 1072 Sensus
560 1026 652 1072 noster
672 1014 852 1085 complebitur
872 1014 989 1084 puritate
1038 1012 1202 1083 tranquilia:
1215 1012 1322 1085 quando
1335 1021 1364 1070 et
1376 1013 1433 1086 ipse
1442 1012 1558 1070 mundus
1572 1015 1682 1070 noriam
1696 1010 1835 1085 deponens

198 1108 365 1166 mitissima:
387 1107 561 1179 tranquillum
583 1107 636 1163 erit
657 1120 738 1161 omne
759 1104 832 1177 quod
851 1105 986 1164 volumus.
1038 1100 1241 1174 intemperiem,
1250 1098 1571 1160 babebitsaiubcrrimsm
1581 1102 1834 1174 perperubsecms

197 1196 263 1253 Sine
284 1197 445 1269 capitatione
464 1199 618 1266 sapiemus,
638 1197 698 1253 sine
718 1211 812 1253 errore
826 1197 987 1254 mallemus.
1038 1194 1179 1253 aninum.
1195 1197 1254 1252 Erit
1267 1197 1323 1253 iilic
1337 1195 1419 1253 etiam
1433 1195 1492 1252 dies
1504 1196 1643 1263 continua,
1657 1202 1690 1251 et
1705 1194 1833 1251 serenitas

196 1286 294 1344 nalum
307 1288 363 1357 lam
377 1300 427 1343 uec
438 1286 473 1343 sb
487 1287 543 1342 aiio
556 1284 688 1358 capietur,
703 1299 754 1343 uec
767 1293 846 1343 extra
864 1285 989 1343 uolutus·
1039 1296 1154 1344 aeterna.
1167 1287 1215 1344 Sol
1227 1288 1263 1344 ibi
1274 1288 1383 1359 quidem
1397 1288 1469 1345 nulls
1484 1290 1556 1347 nube
1567 1288 1701 1358 luscstur,
1716 1288 1766 1345 sed
1778 1303 1833 1344 um·

197 1384 252 1434 tem
265 1377 448 1449 penembitur.
1038 1376 1130 1435 triade
1144 1379 1263 1434 aucturis
1281 1366 1441 1451 pratia'pius
1454 1380 1590 1437 lucebunt.
1606 1377 1645 1436 lbl
1659 1380 1735 1436 enim
1750 1380 1831 1436 bestie

232 1466 397 1525 liabeblmus
406 1467 476 1524 banc
486 1468 605 1525 esuriem
616 1466 814 1538 quedelecteu
827 1467 989 1527 babebimus
1038 1468 1167 1540 splendor
1177 1472 1275 1527 mentis
1285 1478 1339 1536 cst,
1350 1471 1478 1528 etlumen
1489 1470 1684 1541 tututtpentie,
1697 1480 1729 1526 ut
1738 1471 1832 1540 ipsum,

197 1557 268 1615 bane
277 1559 459 1614 assiduitatem
470 1571 550 1628 quam
564 1556 775 1615 meminatidire
788 1573 841 1614 uon
852 1558 989 1630 postitiu-
1038 1558 1107 1616 uictu
1125 1559 1153 1616 in
1173 1559 1315 1630 maiestate
1336 1574 1385 1617 aas
1409 1569 1471 1629 est,
1497 1569 1654 1617 mereautur
1679 1561 1835 1633 conspicere

198 1650 268 1721 piter
284 1650 400 1706 amandu
420 1650 594 1720 creatorem,
615 1666 776 1725 semperque
799 1652 858 1723 ejus
875 1653 988 1723 pierium
1038 1649 1206 1707 Creatorem.

196 1743 315 1798 maniter
334 1744 496 1800 contuendo.
513 1742 571 1799 lion
591 1744 627 1800 ibi
642 1744 754 1800 molesta
770 1744 848 1800 tedis
868 1739 1026 1815 praepes-il
1073 1742 1207 1812 Quudrca
1221 1742 1299 1800 libris
1314 1750 1436 1800 ueterum
1457 1743 1657 1802 rationabiliter
1677 1758 1835 1802 commuue·

198 1831 309 1901 nabunt,
334 1847 388 1889 nou
411 1835 528 1892 varietas
553 1835 687 1891 imbecilla
701 1835 863 1902 coniundet;
879 1837 988 1908 quaudo
1041 1847 1111 1900 mur,
1126 1832 1198 1904 quod
1213 1847 1274 1903 pars
1284 1833 1330 1891 iiis
1340 1834 1485 1890 emundata
1496 1842 1577 1906 atque
1588 1836 1731 1892 meliorata
1743 1835 1833 1895 dirius

196 1924 261 1980 tsiis
275 1936 338 1982 sum
347 1925 406 2000 [rra.
421 1928 502 1996 dud,
514 1923 727 2000 luerintiquibus
737 1929 881 1995 allicimur,
890 1937 920 1985 ut
930 1930 990 1987 nui·
1040 1939 1156 1983 munere
1170 1925 1301 1983 veraciter
1310 1927 1462 1999 speculetur
1471 1938 1619 1997 auctorem,
1630 1928 1762 2001 qusaejm
1774 1945 1835 1986 um·

200 2012 256 2070 lum
279 2014 306 2071 in
328 2015 368 2072 eis
392 2016 472 2073 tuem
487 2025 581 2087 optare
601 2018 744 2088 patiamur.
760 2016 843 2084 Quies
861 2032 989 2089 operosa,
1041 2016 1158 2074 uimodis
1170 2016 1234 2091 led„
1247 2018 1434 2093 nihilominus}
1442 2030 1531 2091 portat
1541 2020 1699 2091 imspinem.
1715 2023 1780 2080 lude
1789 2022 1836 2080 de·

197 2120 281 2175 opera
290 2105 390 2177 quieta,
402 2108 485 2163 animi
499 2107 630 2164 indeiecta
644 2109 740 2165 unitas.
754 2108 829 2165 'i'uuc
838 2109 910 2166 enim
920 2109 989 2166 diri·
1039 2106 1123 2179 cique
1135 2107 1298 2178 ridebimus,
1313 2110 1383 2167 unde
1394 2108 1545 2179 credimus;
1555 2122 1585 2169 et
1595 2126 1629 2169 et
1639 2126 1675 2171 ea
1686 2121 1762 2182 parte
1771 2112 1834 2169 iliud

198 2209 243 2251 ne
252 2196 391 2266 sapientia
409 2198 546 2268 spuitione
559 2197 734 2269 complemur,
745 2214 795 2256 uec
810 2214 899 2256 rerum
911 2213 990 2258 nera·
1042 2212 1188 2267 summum,
1200 2201 1340 2269 eximium,
1351 2202 1488 2275 siupuiare
1499 2204 1756 2276 contemplabimur,
1768 2206 1835 2265 ands

198 2288 325 2346 cisslmm
338 2291 490 2348 intellectus
499 2292 646 2363 disciplinis
656 2293 776 2364 operosis
790 2292 928 2362 imbuitur,
942 2293 991 2351 sed
1042 2293 1135 2366 utique
1149 2294 1276 2352 meliores
1289 2309 1393 2353 sumus.
1406 2294 1506 2355 Globus
1521 2296 1571 2355 iste
1585 2297 1653 2355 tuiis
1665 2314 1728 2355 cum
1742 2298 1784 2355 lic
1794 2313 1835 2356 se·

94 2404 102 2409 -
201 2378 366 2436 inelaborato
388 2381 448 2456 [rus.
463 2381 547 2451 And,
568 2380 756 2455 inruboratm]
779 2385 992 2443 mentisiuminu
1041 2403 1126 2446 renus
1140 2388 1287 2459 iniulserit,
1303 2390 1529 2462 quemadmodum
1543 2391 1629 2449 umtri
1644 2391 1834 2449 animisensut

199 2467 360 2530 declaratur.
377 2472 415 2528 lbi
427 2488 555 2530 numerus
568 2482 684 2545 quantus
700 2483 753 2542 est,
767 2484 847 2532 notus
859 2475 989 2545 sllicitum
1042 2484 1207 2554 permulcet!
1220 2484 1323 2541 Lumen
1335 2498 1443 2556 quoque
1454 2492 1603 2554 terrenum,
1615 2493 1719 2556 quanta
1730 2500 1780 2543 nus
1789 2487 1833 2541 im·

199 2560 237 2617 ilti
247 2561 379 2620 linearum
394 2564 521 2620 discretio
533 2566 616 2638 038
628 2565 750 2623 absolute
763 2566 940 2637 conspicuum
954 2567 992 2625 lbi
1041 2577 1098 2645 piet
1114 2574 1216 2645 pratia,
1236 2590 1298 2632 cum
1314 2575 1435 2632 ridetur!
1459 2576 1568 2646 aspecti
1581 2575 1666 2632 tores
1685 2575 1832 2647 pratissima

199 2659 387 2717 convenientia
398 2659 601 2732 musicamne
613 2661 791 2719 ibiastroruru
802 2661 991 2720 mutuarisuaii
1042 2679 1093 2722 uus
1103 2665 1271 2737 iucunditate
1286 2667 1421 2724 reliciunt.
1433 2666 1545 2724 Terram
1555 2666 1685 2734 uiridem,
1700 2682 1832 2725 mareco-

197 2751 590 2822 copuitiouecertissimusest3
602 2752 991 2824 ibitesitassuperuanidendu
1042 2755 1168 2825 ruleum‚
1193 2758 1264 2815 seris
1284 2758 1446 2828 puritatem,
1471 2758 1564 2816 stelias
1584 2759 1721 2817 micantes
1735 2759 1834 2819 eximiis

203 2854 266 2902 nota
279 2846 392 2906 mullei
404 2845 562 2917 sapientiam
577 2845 776 2913 contuebimur,
787 2861 840 2917 qua
852 2846 992 2917 majestate
1042 2861 1116 2905 nnuc
1141 2847 1366 2906 delectationibus
1391 2848 1538 2907 iutuemur.
1563 2849 1642 2918 Quod
1667 2850 1693 2907 si
1716 2864 1832 2923 mappam

201 2938 305 3011 sinpuls
320 2953 435 3011 quaque
453 2939 587 3011 disponat
600 2939 639 2995 lbi
654 2938 804 2995 ridebimus
816 2953 896 3010 quarn
915 2938 992 2995 irrite
1042 2945 1174 3010 praestant
1186 2938 1367 3007 dulcedinem,
1382 2953 1444 2995 cum
1458 2936 1492 2995 ad
1506 2938 1617 2996 obtutus
1630 2951 1743 2999 nostros
1755 2957 1832 3000 reue

201 3031 237 3088 sb
254 3030 422 3088 incatholicis
436 3030 504 3105 led,
517 3046 534 3087 a
547 3028 690 3104 perversis]
705 3030 836 3089 catholiea
851 3029 991 3089 lucerabs·
1043 3029 1098 3084 rint
1110 3042 1154 3086 res
1167 3037 1275 3097 ereata,
1288 3029 1353 3102 quid
1366 3029 1412 3086 iiia
1427 3028 1553 3101 majestas
1564 3037 1628 3088 tunc
1641 3031 1702 3089 uisa
1716 3032 1835 3091 cauierre

200 3132 245 3183 tur
257 3125 389 3183 Ecclesia.
400 3125 439 3183 lbi
449 3139 508 3183 eam
518 3125 714 3196 conspiciemus
722 3123 749 3181 in
757 3125 854 3181 rusmu
863 3124 992 3182 deaurato
1006 3105 1029 3171 C
1044 3122 1180 3190 creditur,
1194 3123 1238 3180 cui
1254 3122 1322 3180 niirii
1335 3123 1423 3181 simile
1437 3125 1584 3195 reperiunt

198 3228 291 3274 ssime
311 3215 441 3286 iiepiuum
459 3230 476 3273 s
495 3215 597 3272 dextris
613 3216 705 3286 spousi
719 3224 747 3273 et
761 3216 832 3287 repis
846 3215 886 3272 sui
903 3214 989 3289 (Posi.
1077 3216 1154 3274 'lunc
1171 3215 1288 3290 perlecta
1301 3231 1493 3288 cognoscemus
1512 3216 1586 3289 qscd
1601 3217 1688 3275 modo
1698 3218 1835 3276 ntutner

199 3320 274 3375 aut,
288 3306 345 3378 ¹⁰l
359 3306 398 3363 ibi
407 3321 602 3377 cognoscemus
612 3314 709 3378 quanta
723 3305 802 3363 luerit
816 3308 866 3364 sub
878 3307 935 3364 sole
945 3322 991 3363 ta·
1041 3308 1187 3366 credimus.
1196 3308 1251 3366 Nec
1260 3307 1332 3365 enim
1342 3308 1421 3366 aliter
1427 3307 1648 3365 animadvertere
1658 3309 1830 3374 merebimur,

200 3397 273 3455 uitas
284 3397 441 3455 cannatum.
453 3397 491 3455 ibi
502 3413 595 3456 resera
605 3411 747 3455 cernemus
757 3413 835 3469 quum
847 3398 991 3456 salubriter
1042 3400 1094 3459 nisi
1109 3414 1180 3457 nunc
1194 3415 1254 3472 quae
1269 3407 1332 3456 sunt
1347 3414 1408 3457 tera
1421 3398 1570 3468 lateamur;
1588 3399 1641 3456 boc
1655 3409 1713 3468 est,
1728 3409 1835 3457 meter·

202 3490 395 3549 monebamur:
412 3489 552 3546 Donriusns
567 3490 649 3546 ileum
665 3499 739 3545 tuum
760 3488 895 3556 adorabis,
914 3501 938 3546 et
951 3490 991 3545 itti
1042 3490 1541 3560 uam,iucommutabilem,distinctam
1552 3491 1681 3561 personis
1693 3498 1721 3547 et
1735 3491 1834 3561 insepa-

200 3579 252 3635 soli
263 3579 355 3635 urtica
369 3579 475 3652 (datin.
491 3595 529 3647 rr,
543 3580 606 3651 ¹⁰l²
622 3579 667 3636 cui
680 3580 770 3634 omnia
785 3588 937 3649 comparata
950 3579 991 3635 ti·
1042 3581 1156 3640 rabilem
1170 3579 1341 3648 Trinitatem,
1353 3581 1502 3652 replentem
1516 3579 1606 3636 omrris
1618 3580 1702 3637 simul
1715 3581 1834 3637 substan·

200 3672 304 3729 lissima
314 3671 448 3740 suenoni
460 3687 595 3742 nunquam
605 3671 684 3727 aliter
694 3670 754 3739 init,
766 3687 901 3742 nunquam
913 3671 992 3729 aliter
1043 3672 1102 3730 titii
1113 3674 1210 3730 uirtute
1220 3687 1279 3740 suu,
1287 3688 1369 3729 uuum
1378 3672 1485 3742 triplex,
1493 3672 1652 3744 trinumque
1662 3673 1833 3744 simplicabile

200 3763 255 3821 erit
268 3782 276 3818 :
288 3776 349 3821 cunr
364 3779 418 3836 quo
436 3779 496 3820 esse
511 3779 590 3820 nemo
605 3765 656 3820 nisi
676 3764 791 3821 feliciter
812 3774 913 3836 potest;
933 3768 992 3823 siue
1043 3764 1107 3839 ieri,
1115 3762 1463 3836 simplabile12parilitatem
1476 3765 1502 3819 in
1517 3763 1834 3837 omrripoteutia‚rcqnali

201 3872 257 3928 quo
277 3872 338 3915 esse
357 3873 437 3917 nemo
455 3859 507 3917 uisi
525 3859 668 3916 infeliciter
690 3859 771 3915 ualet.
786 3859 831 3917 Sic
845 3860 908 3917 dum
930 3862 991 3919 talis
1043 3855 1834 3924 utentnetrarttate,unitateminnaturs.llaecescelteurc

203 3948 306 4020 spuitio
319 3948 354 4003 ab
367 3949 456 4005 anima
470 3948 595 4005 rationaii
609 3950 689 4004 etiam
704 3957 815 4020 purpata
835 3950 990 4018 rerulritur,
1042 3960 1071 4010 et
1080 3950 1252 4022 singulariter
1261 3950 1340 4006 simul
1351 3949 1455 4020 judicat
1464 3947 1568 4020 justitia
1579 3963 1644 4016 sua,
1653 3948 1739 4006 simul
1755 3947 1834 4020 parcit

185 4039 316 4106 ,inueniri
339 4039 376 4096 sb
390 4054 422 4097 ea
440 4055 495 4097 nou
514 4048 601 4110 potest
622 4038 694 4112 qnod
715 4040 830 4111 amplius
852 4051 992 4113 expetatur
1044 4043 1142 4112 pietate
1155 4057 1221 4108 sua,
1241 4039 1320 4097 simul
1342 4039 1615 4110 cooperatnrrirtute
1632 4054 1705 4098 sua:
1722 4049 1834 4113 polenus

202 4130 263 4205 [aas.
276 4132 359 4200 ded,
369 4132 564 4205 exspecteturi.
972 4160 992 4199 ,e
1043 4129 1336 4202 incomprehensibilis,
1348 4129 1486 4185 beatitudo
1496 4127 1640 4197 mirabilis,
1651 4145 1750 4201 exqua
1759 4132 1834 4187 iacta·

237 4222 346 4294 opturet
361 4224 469 4295 quidem
483 4238 636 4296 possumus,
646 4222 775 4295 spiritalis
789 4224 991 4296 immoquarum
1044 4231 1087 4278 tur
1101 4233 1266 4293 quaecuuque
1287 4220 1365 4276 beata
1387 4227 1470 4289 surrt,
1486 4216 1660 4275 ririlcsntur
1670 4235 1835 4293 quacunque

203 4328 347 4373 causatum
371 4315 550 4373 delectatione
569 4316 723 4388 supinatum
744 4315 792 4373 scd
810 4316 873 4386 quid
892 4317 929 4372 sit
946 4316 993 4373 ille
1043 4312 1161 4368 uirentis
1185 4320 1266 4377 suut,
1288 4310 1464 4366 continentur
1486 4324 1656 4382 quecunque
1676 4313 1832 4369 susbsistunt.

201 4407 343 4464 punimus
358 4407 469 4479 modu,
479 4409 548 4465 puppo
559 4409 671 4480 logium,
684 4423 734 4465 pse
747 4418 837 4465 mepte
851 4415 940 4477 potest
952 4408 992 4465 in·
1044 4403 1145 4461 cuncta
1159 4402 1239 4459 simul
1261 4401 1381 4466 librans,
1401 4411 1497 4459 cuncta
1511 4400 1686 4471 discernens;
1702 4419 1764 4476 qum
1777 4403 1834 4459 idea

202 4499 249 4556 teil
260 4500 297 4570 pi,
313 4513 364 4556 uec
377 4500 548 4567 sermonibus
561 4501 699 4571 explicari.
716 4500 820 4557 Felices
832 4498 876 4570 qui
891 4500 991 4556 bahem
1004 4483 1030 4545 D
1044 4498 1071 4555 in
1092 4496 1238 4568 iudicando
1263 4509 1317 4550 non
1339 4493 1449 4561 labitur,
1474 4494 1600 4565 quoniam
1622 4495 1650 4551 in
1673 4509 1833 4567 copnuscen-

201 4589 291 4647 omnia
306 4606 367 4662 qun
380 4592 491 4661 rciunt,
509 4600 538 4648 et
557 4592 629 4648 uuila
647 4592 808 4649 aduersitate
822 4592 989 4662 quatiuntur.
1043 4587 1079 4646 do
1102 4603 1156 4644 nou
1182 4585 1294 4641 iaiiitur.
1316 4585 1384 4640 cum
1405 4599 1460 4641 nou
1482 4593 1623 4656 appareat,
1647 4599 1770 4655 praesens
1791 4585 1833 4641 bo·

200 4681 240 4741 lbi
252 4683 326 4740 euim
337 4698 400 4740 curo
410 4684 552 4756 animaque
567 4693 667 4742 aeterus
680 4698 746 4755 pace
758 4683 925 4756 compositae,
941 4698 990 4739 ne·
1044 4681 1089 4739 nis
1103 4688 1161 4748 est;
1181 4687 1209 4736 et
1228 4692 1289 4735 cum
1310 4691 1442 4748 numnam
1464 4677 1545 4745 desit,
1561 4677 1663 4735 absens
1677 4678 1759 4735 maiis
1778 4689 1830 4735 eu:

199 4784 303 4845 queunt
316 4773 386 4832 imcr
396 4789 427 4833 se
440 4775 540 4832 sentire
554 4773 747 4831 contrariu.lbi
756 4784 835 4831 eruut
848 4784 934 4842 artus,
944 4773 989 4845 qul
1043 4771 1211 4838 immobilis,
1232 4768 1294 4841 quis
1309 4767 1407 4840 ubique
1419 4776 1474 4823 tota
1493 4774 1552 4834 est;
1568 4766 1763 4836 incessabilis,
1777 4766 1832 4837 quia

198 4865 313 4938 spiritaii
328 4881 461 4923 consensu
476 4874 586 4931 ornum,
598 4879 651 4922 non
662 4864 878 4935 coucupiscentia
889 4863 988 4919 carnali
1044 4863 1196 4920 uoluntates
1218 4876 1281 4917 suat
1300 4874 1408 4932 semper
1422 4870 1562 4931 operatur;
1578 4857 1616 4915 de
1633 4868 1692 4916 tuto
1705 4873 1738 4917 se
1753 4859 1831 4929 audit,

198 4957 376 5029 depenerent.
390 4957 555 5030 ibideniquu
567 4955 671 5013 coelesti
682 4954 829 5013 sobrietate
840 4953 991 5025 lulpebuut,
1045 4953 1080 5011 de
1092 4961 1148 5009 toto
1162 4967 1194 5010 se
1211 4951 1300 5019 ridct;
1324 4965 1377 5008 uon
1398 4965 1434 5006 es
1453 4951 1542 5019 aliqua
1562 4959 1642 5021 parte
1661 4960 1791 5021 tanquam
1803 4950 1834 5004 de

198 5061 252 5103 non
272 5059 361 5106 autem
375 5047 517 5104 muudanis
529 5047 734 5123 capitationibus
746 5044 822 5101 ebrie
835 5043 895 5118 [uss.
907 5044 991 5111 Auri,
1045 5043 1166 5101 membru
1187 5042 1355 5112 respiciens,
1372 5041 1419 5096 sed
1434 5040 1524 5095 omnia
1537 5039 1657 5110 undiquc
1671 5041 1711 5096 ita
1732 5051 1762 5097 ut
1778 5047 1833 5096 suut

193 5135 280 5212 ebrii]
289 5138 453 5208 polluentur.
462 5138 601 5194 bomicilia
611 5137 689 5208 plane
699 5151 792 5194 eorum
804 5138 846 5208 (ut
854 5134 991 5207 putamus)
1043 5133 1231 5209 perscrutabili
1245 5134 1344 5189 uirtute
1363 5145 1541 5203 copnuscens.
1553 5130 1662 5188 Dicitur
1673 5132 1760 5187 etiam
1774 5131 1833 5187 odo·

199 5231 228 5287 in
247 5231 373 5301 supernis
393 5240 486 5300 crunt,
500 5240 527 5287 et
542 5239 628 5287 terras
642 5243 698 5286 non
711 5236 858 5300 appetent,
877 5242 990 5300 quarum
1044 5241 1117 5293 rare,
1128 5233 1249 5297 pastore,
1259 5223 1417 5291 ambulem
1432 5221 1480 5279 sed
1494 5222 1552 5277 baec
1562 5231 1673 5292 propter
1685 5222 1831 5295 intelliges·

199 5336 277 5379 usum
291 5324 474 5380 necessarium
490 5338 544 5379 nun
557 5320 704 5377 habebunt.
721 5321 853 5389 Quocirca
871 5335 925 5376 non
938 5319 991 5377 erit
1044 5318 1108 5374 tiam
1121 5324 1239 5373 nostram
1260 5315 1377 5371 bumana
1399 5312 1594 5370 consuetudine
1608 5312 1703 5372 lacere
1717 5314 1831 5386 perbibe-

199 5413 342 5486 permixta,
355 5415 425 5469 sicut
439 5413 466 5469 iu
480 5411 531 5469 boc
545 5411 656 5481 mundo,
673 5408 820 5477 habitatio;
835 5409 882 5466 sed
898 5423 990 5481 seque·
1043 5418 1097 5472 tur,
1111 5406 1175 5463 dum
1189 5404 1360 5462 inenarrabili
1372 5402 1431 5478 [ms.
1445 5404 1528 5472 Ami,
1541 5404 1708 5478 inrarisbiir]
1720 5405 1830 5477 potentia

198 5514 275 5563 strau
297 5506 333 5562 ab
347 5506 437 5577 impiis
451 5506 550 5574 electi,
566 5520 663 5578 tuspus
681 5506 799 5562 locorum
813 5504 942 5577 qualitate
963 5510 991 5558 ct
1043 5497 1191 5567 maiestatis
1210 5510 1267 5551 sue
1291 5496 1370 5565 ioupe
1389 5496 1467 5550 aliter
1479 5503 1574 5550 suttciu
1590 5496 1728 5566 perliciat.
1752 5497 1829 5550 t'irtss

197 5597 308 5662 ppgppnp
321 5595 489 5653 dividemur,
1042 5593 1152 5652 sancta,
1176 5584 1300 5640 urrirersa
1320 5598 1418 5640 cresus
1434 5594 1515 5654 atque
1527 5583 1689 5654 disponens,
1705 5594 1828 5656 reputt!

231 5680 333 5740 cirtms
346 5685 474 5752 coelestis,
486 5684 590 5740 mansio
600 5699 707 5753 secun,
719 5680 805 5754 patria
820 5689 907 5738 totum
919 5693 989 5737 con·
1043 5676 1185 5746 majestate
1207 5675 1316 5748 propria
1335 5685 1364 5733 et
1376 5675 1462 5747 picria
1477 5676 1662 5747 sempiterua;
1684 5678 1830 5744 incomptus·

198 5769 286 5827 tincus
300 5773 371 5845 quod
386 5773 521 5834 delectet:
533 5776 647 5848 populus
660 5775 720 5834 tine
737 5784 885 5845 murmure,
896 5769 991 5829 tuente
1042 5765 1195 5837 itoutibiiis,
1215 5765 1427 5842 inestimabilis,
1439 5774 1467 5825 et
1482 5776 1585 5825 eterna
1598 5768 1738 5841 potentis,
1755 5765 1828 5826 suist
