3794 6128
124 270 171 325 dlii
575 271 758 342 attestato
779 272 810 327 lli
829 268 1060 331 Psittttltttttl.
1081 275 1178 334 PSAL.
1200 278 1340 337 lxxxm.
1709 281 1764 338 dte

123 392 173 439 eat.
184 383 268 454 Cujus
289 385 405 442 nominis
425 384 610 453 interpretatio
635 388 771 442 denuntiat
787 385 916 441 Calrariae
931 389 956 446 Α
970 387 1013 443 lici
1029 400 1102 446 sorte
1118 395 1289 463 proruperit:
1307 395 1456 462 piraerideeis
1472 395 1539 450 bona
1556 393 1638 450 futuri
1650 394 1762 460 saculi.

123 488 224 548 locum,
236 481 281 535 ubi
295 480 430 536 Christum
452 479 593 535 bantinum
617 492 723 537 constat
744 497 804 538 ese
828 482 917 537 eruci·
967 497 1027 552 quae
1040 485 1097 553 ejus
1113 501 1142 541 se
1156 485 1283 550 credebat
1298 486 1464 558 largitatibus
1477 488 1600 558 adipisci.

122 568 217 627 mum·
233 570 267 625 ¹¹3¹
286 570 347 626 ΜΨ
361 572 409 638 1ιῆ
427 570 509 638 cm·
533 572 674 627 mmmm
691 572 777 627 ¹¹¹⁰di⁵
792 572 917 628 ⁰¹⁰⁰5b¹¹⁸
1004 593 1081 651 Vere.
1092 596 1119 651 5.
1134 595 1234 652 Eteoiur
1248 615 1335 670 pomer
1347 600 1443 654 inuenit
1456 600 1504 654 sibi
1515 599 1630 664 domam,
1643 567 1761 655 attactui·

122 662 286 728 indicantur,
305 677 339 718 ex
355 678 470 734 quorum
487 682 600 730 persona
625 667 741 735 psalmus
758 666 810 721 iste
825 677 918 721 canta-

125 762 179 812 tttr.
197 754 232 811 Ει
250 748 361 820 intende
381 758 452 827 quod
467 757 500 813 de
515 758 707 826 pretiosissima
720 759 849 813 alteritate
866 757 918 812 llo·

124 843 189 904 otini
200 846 320 916 psalmus
331 847 382 904 iste
391 848 526 904 securulns
539 855 591 937 eft,
603 865 662 921 quae
674 865 723 905 uos
734 864 815 920 supra
826 850 917 905 omnia

123 939 330 1013 petite-dirime
344 940 491 997 consociat.

968 684 1058 738 nidum
1072 686 1120 740 ribi
1139 686 1181 741 arbi
1200 698 1279 758 ponat
1294 690 1378 759 parties
1394 706 1464 743 artur.
1486 691 1552 744 Cum
1568 689 1691 757 superius
1705 688 1762 744 ani·

969 790 1041 829 naam
1057 791 1210 846 corpusque
1224 778 1324 833 dixerit
1339 783 1365 833 iu
1382 780 1485 834 lluuuui
1508 780 1688 835 exsultatione
1697 794 1762 849 pau·

968 864 1049 932 dere,
1064 866 1205 923 bicarium
1218 870 1269 924 ista
1283 871 1336 924 duo
1348 885 1446 939 perrara
1461 870 1493 925 ad
1508 871 1649 942 quamdam
1665 872 1762 927 siusili·

971 956 1092 1014 tudinem
1102 960 1341 1015 commerulandam
1351 962 1472 1030 posuisse
1483 961 1657 1032 dignoscitur.
1670 960 1762 1017 Passer

968 1061 1010 1106 est
1020 1050 1100 1105 oirrria
1115 1050 1255 1105 eeleritate
1265 1052 1432 1118 ce'errinrus,
1445 1053 1489 1121 qui
1506 1053 1530 1106 iu
1547 1053 1621 1106 silvis
1634 1053 1759 1107 babitare

969 1161 1020 1198 nort
1036 1145 1146 1214 patitur,
1160 1143 1207 1199 sed
1220 1144 1329 1198 domum
1343 1143 1393 1197 sibi
1407 1146 1431 1198 irr
1442 1145 1572 1210 parietum
1585 1129 1760 1198 loraminibus

413 1052 511 1107 Dirisic
530 1055 632 1123 psalmi.

160 1163 289 1218 liliosam
302 1163 384 1232 Cere,
396 1179 464 1234 quos
486 1181 535 1234 per
553 1166 772 1235 siguiliratiencm
789 1167 917 1223 citrariae

125 1253 308 1310 ,deminum
323 1256 466 1312 ominum
480 1257 597 1313 diximus
610 1260 754 1328 perfluere·
767 1275 817 1313 un,
834 1261 918 1314 imm,
968 1235 1154 1291 desideranter
1178 1236 1309 1306 exquirit,
1329 1252 1408 1305 quam
1434 1235 1496 1290 duru
1525 1237 1656 1292 iurauerit
1679 1236 1761 1291 rriruio

125 1349 229 1405 ducitur
242 1364 356 1419 person,
371 1350 514 1420 gossenus,
526 1351 619 1421 Μὴ,
630 1353 714 1421 mima
724 1353 812 1409 mn„
821 1353 917 1422 psalmi
969 1328 1065 1396 predio
1075 1327 1153 1382 laetus
1168 1328 1283 1382 exsultat
1296 1369 1303 1395 ‚
1320 1329 1381 1396 quia
1396 1341 1424 1381 sc
1439 1326 1604 1382 diversarum
1616 1325 1761 1380 adversita·

126 1438 312 1495 pnaesppumhpe
339 1440 388 1496 ,ibi
413 1427 578 1496 desiderium
594 1442 762 1498 demum
778 1444 915 1500 Ecclesia,
949 1422 1024 1473 'tum
1041 1418 1153 1473 ulterius
1181 1430 1272 1487 patere
1296 1432 1349 1472 nou
1371 1417 1455 1472 credit
1480 1416 1594 1471 insidiis.
1612 1415 1657 1470 Sic
1670 1416 1760 1469 arrirua

126 1529 247 1587 Secundo
270 1531 352 1586 modo
377 1532 485 1588 penum
501 1548 562 1588 ,330
578 1534 718 1602 promam
731 1535 774 1589 cui
789 1536 918 1592 Dominus
966 1512 1139 1582 jucundatur,
1153 1512 1215 1566 deur
1229 1513 1255 1565 in
1266 1512 1395 1567 coelorurn
1411 1525 1492 1581 regna
1507 1511 1672 1565 mansionem
1684 1524 1760 1563 suam

127 1632 232 1692 prestat
245 1623 389 1689 auxilium,
410 1638 525 1693 cumque
541 1623 604 1678 iacit
617 1624 650 1679 ad
664 1625 843 1681 confessionis
856 1643 918 1697 pra·
969 1604 1082 1660 1111111111
1097 1618 1156 1659 1111
1177 1613 1363 1673 1111111111·
1391 1599 1487 1654 Turtru
1507 1616 1572 1654 11111
1592 1596 1761 1655 1111111111ῑῖ1

127 1713 187 1771 ,pam
201 1718 352 1779 „emm
370 1716 461 1770 peppo
477 1716 560 1770 multo
574 1718 747 1785 mumius
770 1718 834 1773 dici,
856 1735 915 1776 0330
970 1693 1155 1750 moderatione
1166 1692 1335 1747 castissimus
1350 1701 1403 1753 cst,
1422 1691 1533 1760 quiana
1556 1698 1659 1744 tautum
1675 1704 1759 1760 cope-

128 1805 153 1860 ᾖ,
166 1805 248 1860 domo
271 1805 377 1860 pomini
401 1805 535 1877 ,pl-ecum
551 1806 681 1872 pappare,
700 1823 778 1876 ,luam
794 1821 916 1879 peccam,
930 1769 954 1830 Β
968 1787 1066 1840 lat'one
1081 1794 1238 1850 contentus,
1255 1783 1316 1838 saliis
1329 1783 1385 1839 suis
1401 1782 1493 1836 tritium
1510 1781 1642 1836 militarare
1662 1796 1761 1850 cogno-

126 1909 183 1950 ram
209 1896 383 1950 tabernacula
407 1912 468 1951 cour
492 1897 655 1967 quibuslibet
675 1898 816 1954 mundanis
831 1902 915 1956 borro-
967 1877 1067 1941 1111111ἱ
1084 1877 1127 1946 ‘lii
1144 1872 1661 1946 1111111111111111111111111111111111111
1681 1887 1759 1940 fele·

126 1989 196 2043 ribus
217 1989 337 2044 introire.
968 1970 1014 2035 rit,
1025 1969 1073 2024 sed
1089 1983 1186 2023 noram
1201 1967 1251 2021 sibi
1265 1967 1298 2023 dc
1312 1964 1469 2036 quibusdan
1483 1963 1619 2033 particulis
1630 1961 1760 2016 labriraro

968 2062 1116 2117 cirrateudit.
1136 2060 1202 2114 lluic
1218 2073 1282 2114 caro
1297 2068 1387 2112 nostra
1411 2072 1463 2112 nun
1488 2056 1563 2110 irrita
1577 2067 1759 2122 comparatur,

476 2216 501 2228 Ι,
967 2168 1027 2224 qaam
1041 2168 1122 2222 opera
1138 2167 1185 2206 sua
1200 2153 1227 2207 iu
1242 2151 1348 2206 Danuui
1366 2150 1463 2220 garrdet
1488 2149 1609 2218 posuisse
1624 2148 1759 2202 mandato.

159 2215 238 2271 vm·
254 2217 281 2270 ¹·
299 2215 383 2282 ΟΜ
397 2215 519 2270 “mamm
533 2226 592 2270 'um
611 2216 774 2273 '‘mmmm‘'
786 2228 846 2286 ’Μ’
861 2219 914 2273 ⁰⁰¹
968 2245 1018 2300 l'cr
1033 2243 1101 2301 banc
1119 2245 1190 2300 cuitu
1203 2245 1303 2310 creuit,
1326 2252 1355 2296 ut
1366 2241 1530 2312 jejuniorum
1553 2240 1683 2294 sacrillcia
1698 2252 1758 2292 sua·

405 2099 541 2173 Expositis
554 2102 655 2173 psalmi.

122 2308 192 2362 nine
207 2307 328 2361 virtatrun
338 2307 349 2360 !
369 2305 389 2359 F
392 2307 452 2361 ilios
474 2305 543 2362 Cere
557 2308 687 2376 spirituali
702 2309 861 2366 lecuuditatc
871 2328 916 2368 re·

121 2407 281 2470 generatus,
295 2407 323 2454 et
336 2397 516 2452 torcularibus
531 2399 658 2454 Ecclesiae
672 2411 856 2471 cornpctentcr
869 2420 916 2458 cx-

122 2503 247 2562 peessus,
262 2489 294 2543 ad
310 2489 424 2542 ltrttrram
441 2488 589 2544 ierusalem
604 2490 738 2546 desilierat
758 2497 914 2562 pervenire:

122 2584 150 2638 iu
173 2594 226 2649 qua
249 2578 306 2649 jam
332 2579 404 2633 nulla
419 2581 474 2633 siut
497 2579 618 2650 pondera
642 2582 852 2654 tribulationum,
868 2586 916 2643 sed

122 2673 291 2733 beatitudine
304 2689 417 2741 secura,
434 2674 625 2743 imperturbata
649 2676 774 2733 felicitate
784 2681 915 2748 potiatur.

969 2341 1036 2395 riter
1062 2339 1229 2405 ollereutur,
1256 2348 1284 2392 ut
1310 2338 1399 2392 cibam
1424 2336 1584 2407 pauperibus
1600 2337 1712 2409 deuius,
1732 2344 1760 2389 el

967 2432 1130 2502 sepeliamus
1151 2431 1308 2495 deluucos,
1332 2431 1441 2500 egrotis
1467 2430 1635 2492 serriarnus,
1658 2425 1759 2496 positos

966 2522 994 2577 io
1009 2536 1118 2576 carcere
1137 2521 1290 2588 visitemus,
1306 2529 1334 2588 ct
1356 2532 1451 2575 cratera
1468 2519 1574 2589 pictatis
1585 2518 1686 2582 cilicia,
1701 2532 1759 2586 quar

966 2613 1152 2683 corporalibus
1176 2622 1324 2668 noscuntur
1354 2613 1512 2667 muisteriis
1541 2609 1679 2679 explicari.
1707 2607 1759 2663 Alii

968 2715 1092 2760 terraram
1114 2714 1214 2759 sanctae
1241 2704 1441 2773 applicaverunt
1466 2703 1592 2757 Ecclesiae
1611 2720 1618 2757 ι
1634 2701 1759 2772 quoniam

124 2768 378 2837 11111111111ιθ11111,
400 2768 609 2839 11181111111111111
635 2768 672 2822 111
688 2770 839 2839 eil*timere
863 2786 914 2826 '¹⁰¹¹
966 2803 1065 2866 praeter
1087 2794 1186 2851 Claristl
1208 2793 1313 2850 Douriui
1334 2795 1443 2849 alterius
1466 2794 1558 2849 'nescit
1579 2792 1677 2848 babere
1696 2807 1756 2847 corr·

122 2864 228 2937 potuit;
243 2862 292 2918 sed
305 2861 380 2918 dedit
397 2861 448 2918 boc
461 2861 643 2917 infinitissime
657 2863 836 2918 seriticudum.
851 2864 916 2932 Quis
966 2885 1090 2941 sontum,
1659 2874 1663 2879 ’

121 2960 196 3015 euim
218 2955 301 3028 possit
320 2954 550 3025 comprehendere
565 2971 618 3027 quo
633 2955 732 3011 ambitu
745 2965 791 3010 aut
802 2956 916 3014 sillictus

123 3050 257 3121 requiem,
272 3047 505 3104 aritmteruitatem
521 3047 638 3103 conditio
653 3047 821 3104 mortalitatis
832 3064 915 3118 erpo·

123 3143 201 3200 scat?
213 3143 281 3199 llam
294 3140 364 3214 qued
378 3141 454 3210 dicit,
468 3139 576 3197 Dareine
586 3143 723 3210 eirtrrtem,
738 3143 828 3198 nescio
838 3157 916 3212 quam
930 3133 953 3193 C

124 3235 161 3290 ibi
176 3249 300 3306 maguam
313 3232 397 3290 sensit
410 3234 498 3288 inesse
510 3233 665 3303 potentiam
681 3242 708 3288 ut
729 3232 851 3304 quamvis
864 3231 917 3289 tale

124 3341 224 3383 munus
235 3341 288 3381 nou
301 3326 431 3395 potuisset
445 3323 534 3379 verbis
546 3339 696 3392 exponere,
710 3323 817 3395 aliquod
829 3331 916 3379 taurea

125 3420 161 3477 ibi
175 3421 277 3476 bonuau
299 3421 392 3490 iugens
405 3432 465 3473 esse
480 3425 650 3472 monstraret.
669 3418 734 3486 Qrtae
750 3416 831 3484 figura
852 3416 919 3471 dici·

126 3522 169 3567 tur
183 3512 329 3583 carpineta,
354 3524 414 3581 quae
439 3509 497 3581 plus
517 3494 652 3565 intellectu
680 3509 805 3580 relinquit
828 3509 919 3581 utique

128 3620 205 3677 quam
219 3604 334 3659 dicatur.

161 3696 240 3751 Vers.
257 3694 285 3749 Ξ.
306 3693 470 3765 Corcrrpiscit
483 3703 507 3748 ct
520 3692 606 3762 deficit
621 3694 706 3747 aalma
728 3709 783 3748 meo
804 3695 830 3748 in
852 3695 919 3748 atria

131 3787 249 3854 nontam
260 3803 305 3841 cor
319 3795 435 3841 meamet
448 3802 507 3840 aare
521 3802 578 3840 mea
592 3784 779 3839 mertltaoeraut
794 3785 820 3839 in
836 3783 919 3840 Deam

130 3882 220 3937 airam.
234 3879 350 3951 Qutqntd
362 3887 456 3935 contra
469 3878 598 3934 humanas
611 3878 849 3943 misissemus,
863 3878 913 3933 da·

131 3971 213 4029 leatus
228 3972 264 4027 ibi
279 3985 328 4044 pro
341 3987 431 4027 rerum
447 3969 631 4038 magnitudine
646 3969 790 4037 reperitur.
811 3970 838 4022 lo
853 3968 918 4024 illud

130 4068 197 4122 enim
213 4079 325 4123 neeesse
334 4074 376 4121 est
388 4063 502 4133 deficiat,
519 4078 572 4134 quo
587 4077 663 4118 meus
677 4060 779 4116 directa
794 4060 828 4115 ail
851 4075 919 4131 prae-

130 4172 189 4213 seue
203 4173 256 4214 nou
272 4165 362 4226 potest
386 4155 538 4226 peruenire.
553 4153 693 4225 cogitabat
705 4155 802 4223 quippe
813 4155 854 4208 vir
869 4154 918 4209 iste

130 4251 312 4306 sanctissimos
322 4246 429 4303 Domini
440 4247 552 4301 virtutes
565 4257 591 4300 et
608 4246 727 4316 praenria,
740 4246 918 4301 beatitudines

131 4338 186 4394 illas
208 4338 333 4394 scelestes
356 4347 383 4392 et
406 4337 519 4406 garrdia,
536 4336 685 4392 ierusalem
706 4351 741 4391 er
762 4337 918 4391 mortalibus

130 4431 233 4501 piputis
252 4430 438 4485 immortaliter
454 4427 610 4495 letantem3
630 4435 659 4484 et
682 4442 793 4484 neccsse
816 4436 874 4483 erat
889 4437 917 4482 ut

130 4521 156 4577 la
172 4522 230 4578 sais
243 4519 348 4590 gaudiis
361 4535 455 4574 sensus
469 4520 524 4588 ipse
540 4519 738 4585 succumberet,
752 4520 796 4589 qui
812 4520 844 4574 ad
859 4535 915 4573 rcnr

129 4612 306 4671 desideratam
333 4628 347 4668 e
372 4611 485 4683 vestigio
504 4626 557 4666 nou
573 4620 676 4682 poterat
692 4613 842 4681 pervenire.
863 4611 915 4668 Sed

129 4723 206 4773 qum
222 4707 348 4763 robustus
359 4705 395 4760 sit
409 4706 459 4760 iste
472 4705 602 4771 deiectus,
617 4721 697 4775 quam
708 4705 853 4760 lortissima
865 4704 917 4760 las-

129 4797 227 4865 situdo,
242 4804 441 4865 consequenter
455 4796 583 4864 exponit,
595 4794 724 4849 dicendo:
736 4793 786 4849 tior
800 4811 881 4848 mcum
893 4804 917 4848 et

129 4903 185 4944 cera
202 4905 260 4955 maa
271 4887 459 4943 exsultaverunt
472 4887 498 4939 in
510 4885 592 4939 Dauara
603 4887 695 4940 eieaor.
708 4886 833 4955 Quaeritis
845 4887 916 4941 enim

129 4991 239 5052 meaque
252 4981 387 5051 pertinere
408 4979 549 5033 rideantur
570 4979 602 5033 ad
622 4992 748 5044 caruem,
770 4990 916 5034 certamen

130 5072 160 5129 etl
174 5073 377 5146 intelligentiam
391 5072 484 5128 reterri
505 5087 585 5142 posse
599 5086 652 5128 nou
663 5071 774 5128 dublum
789 5082 839 5128 est.
851 5073 916 5128 Nam

130 5164 202 5238 aelam
211 5165 372 5236 sapientiam
389 5161 509 5231 proferre
525 5161 657 5228 volumus,
673 5162 731 5232 ejus
744 5180 788 5217 eor
801 5163 918 5218 sinedu·

130 5257 256 5314 bietione
280 5257 430 5313 laudamus.
455 5255 573 5327 Utraque
598 5257 669 5310 cuim
695 5256 791 5326 quibes
814 5266 917 5313 constat

131 5348 288 5412 inmoratus,
305 5347 332 5401 id
345 5355 385 5402 est
398 5360 496 5414 corpus
507 5355 535 5401 et
548 5346 648 5414 anima,
664 5348 690 5403 in
702 5348 838 5403 caelestem
853 5349 919 5405 dicit

130 5439 248 5505 erupis-e
274 5438 404 5491 laetitiam.
433 5436 485 5491 Sed
514 5436 706 5494 advertendum
731 5446 773 5494 est
797 5441 838 5494 uir
868 5440 917 5496 iste

129 5535 226 5597 quanta
238 5528 317 5579 riserit
329 5530 471 5583 sanctitate
486 5529 641 5597 praeclarus,
652 5537 680 5584 ut
693 5545 747 5586 nou
760 5530 847 5586 solum
858 5531 917 5601 ejus

128 5617 226 5679 niara,
240 5615 428 5673 verumetiam
442 5633 514 5683 aare,
529 5634 588 5689 quae
613 5620 672 5688 plus
689 5620 917 5688 prevaricationis

129 5705 193 5765 titia
206 5704 334 5781 parebatur
348 5707 474 5780 obnoxia,
491 5709 518 5766 iu
537 5711 743 5771 exsultationem
759 5711 865 5769 bonini
879 5712 917 5769 lc·

1007 2997 1080 3052 Vera.
1097 2997 1123 3052 l.
1139 2995 1240 3051 Altaria
1253 3006 1312 3064 tun,
1331 2996 1439 3051 Danaine
1453 2999 1573 3051 eirtatnm
1589 3010 1598 3052 .·
1613 2996 1668 3050 ilex
1690 3011 1758 3051 ιιιιιιι

969 3099 993 3142 et
1015 3087 1084 3143 Dana
1099 3105 1179 3144 meaa.
1197 3089 1295 3144 l'crsus
1320 3089 1363 3144 lrie
1388 3089 1420 3144 ad
1443 3089 1581 3158 superiora
1604 3089 1758 3157 respondet.

970 3184 1013 3240 llit
1028 3182 1100 3238 enim
1112 3199 1120 3237 z
1134 3184 1234 3237 Ailana
1248 3193 1308 3248 tao,
1325 3181 1432 3238 Domine
1445 3185 1579 3252 virtutum,
1591 3185 1634 3239 ubi
1644 3185 1755 3254 juuqea·

969 3273 1032 3328 dum
1048 3283 1090 3328 est
1111 3274 1182 3343 qaod
1199 3274 1225 3330 iu
1248 3275 1335 3344 primo
1354 3288 1432 3329 rcrsu
1458 3275 1552 3345 psatmi
1578 3275 1677 3330 dictum
1700 3282 1759 3341 est,

970 3363 1055 3430 Quom
1069 3362 1190 3418 amabilia
1207 3364 1286 3418 auru!
1300 3364 1364 3431 Qtrae
1380 3364 1461 3434 ligura
1476 3364 1573 3418 dieitur
1592 3365 1642 3420 ἀπὸ
1662 3370 1759 3430 κοινοῦ,

969 3455 996 3511 td
1010 3466 1063 3522 est,
1085 3458 1265 3520 acomutuui,
1280 3457 1386 3526 quanda
1409 3456 1480 3512 dicta
1499 3458 1623 3526 superius
1636 3456 1669 3510 ad
1693 3455 1759 3511 tute·

970 3549 1041 3603 riura
1070 3548 1242 3618 respondeat.
1272 3549 1324 3605 Sed
1353 3550 1478 3619 quoniam
1505 3549 1622 3603 anterius
1656 3546 1759 3602 dixerat

970 3641 1073 3694 domam
1083 3641 1207 3712 passeris,
1222 3651 1245 3696 et
1259 3650 1367 3695 tnrturrs
1381 3640 1487 3706 rodana,
1501 3641 1582 3712 286
1596 3640 1659 3709 quid
1680 3641 1706 3696 iu
1721 3639 1759 3695 eia

970 3734 1119 3804 intelligere
1143 3736 1329 3790 debuissemus
1353 3735 1480 3790 ostendit.
1497 3735 1525 3790 ln
1544 3735 1585 3790 bis
1598 3736 1671 3789 euim
1691 3733 1759 3789 aita-

969 3826 1040 3880 ribur
1052 3825 1128 3894 quasi
1152 3825 1179 3880 in
1198 3825 1307 3880 domum
1326 3826 1506 3895 gratissimam
1526 3827 1675 3897 gratulatur
1694 3825 1759 3897 [mr.

969 3913 1003 3971 G.
1020 3923 1044 3970 et
1067 3914 1121 3980 ed„
1140 3913 1269 3988 iritinuit}
1293 3915 1378 3970 srdelis
1403 3915 1513 3970 aniura:
1531 3917 1558 3971 ln
1574 3916 1616 3972 iris
1634 3914 1759 3970 altaribus

969 4008 1058 4063 carnis
1072 4022 1168 4077 opera,
1184 4023 1244 4077 quae
1264 4018 1352 4062 tamen
1371 4017 1435 4062 suut
1448 4016 1557 4073 sancta,
1581 4016 1758 4078 reponuntur.

969 4097 997 4153 ln
1012 4098 1058 4154 illo
1071 4097 1148 4153 altari
1162 4113 1224 4167 spes
1240 4098 1392 4153 firmissima
1407 4097 1565 4163 collocatur,
1588 4100 1616 4152 ln
1629 4111 1682 4168 qno
1693 4095 1758 4152 bea·

969 4196 1057 4245 torum
1068 4189 1166 4244 animae
1179 4190 1254 4244 reiut
1267 4190 1293 4243 iu
1304 4188 1419 4258 quodam
1441 4190 1552 4256 pereuni
1566 4187 1679 4258 prandio
1692 4202 1758 4243 coo·

968 4282 1046 4337 viriis
1056 4282 1210 4338 caelestibus
1225 4281 1388 4351 epulantur:
1409 4281 1455 4336 ubi
1470 4282 1579 4336 satietas
1592 4281 1679 4353 magis
1692 4279 1759 4335 inei·

969 4383 1025 4441 tat,
1051 4389 1102 4430 uec
1127 4373 1203 4429 beata
1226 4372 1331 4428 esuries
1352 4373 1496 4444 aliquande
1509 4372 1633 4429 discedit.
1649 4371 1759 4429 addidit

932 4499 955 4558 D
968 4466 1059 4531 ctiam,
1072 4465 1127 4520 ilex
1140 4482 1210 4519 meaa
1221 4474 1245 4520 rt
1259 4465 1327 4520 Deae
1340 4481 1420 4521 meua.
1433 4465 1513 4521 Rara
1526 4464 1642 4535 rependo
1652 4464 1759 4530 dicitur3

969 4556 1038 4611 item
1057 4556 1179 4612 videlicet
1194 4571 1208 4610 a
1226 4555 1358 4620 creandn;
1370 4558 1492 4625 quamvis
1514 4564 1541 4611 et
1568 4556 1691 4612 timorem
1707 4554 1759 4610 tale

969 4664 1066 4704 nomeu
1080 4647 1200 4704 indicare
1213 4653 1388 4702 monstretur.

1005 4788 1080 4843 vers.
1097 4789 1124 4844 a.
1136 4787 1263 4858 Beatiqai
1282 4787 1399 4841 lrobituut
1422 4787 1449 4840 iu
1468 4787 1543 4840 doma
1557 4793 1615 4850 tua,
1632 4781 1758 4848 Demitur

969 4882 995 4934 in
1009 4880 1132 4935 soecalam
1147 4880 1236 4935 seculi
1253 4879 1395 4934 laudabunt
1410 4890 1443 4934 tc.
1459 4878 1528 4946 Quid
1553 4877 1671 4933 moueris
1691 4891 1756 4932 con·

971 4975 1056 5029 ierant
1069 4973 1161 5028 altaria
1179 4973 1222 5028 illa
1235 4971 1368 5042 praedixit.
1380 4971 1445 5027 Nam
1458 4971 1482 5027 si
1495 4971 1589 5027 beatur
1604 4970 1647 5026 liic
1661 4967 1759 5023 lrabea-

971 5074 1030 5133 tur,
1053 5066 1095 5122 eui
1120 5065 1154 5120 ad
1179 5065 1386 5136 tempusomnia
1410 5062 1524 5120 secunda
1540 5061 1758 5134 procedunt,nec

970 5159 1058 5229 aliqua
1072 5157 1234 5216 adversitate
1244 5159 1409 5227 concutitur,
1421 5158 1485 5228 quid
1496 5156 1582 5212 deilla
1592 5151 1758 5212 beatitudine
1796 5199 1801 5207 .

971 5250 1132 5318 sentiamus,
1147 5249 1189 5304 cui
1210 5263 1261 5305 acc
1275 5249 1301 5303 in
1316 5248 1458 5318 qualitate,
1479 5262 1529 5302 nee
1552 5248 1577 5301 in
1593 5241 1758 5315 perennitate

970 5342 1114 5412 quidquam
1131 5341 1218 5396 simile
1231 5341 1381 5410 reperitur?
1395 5339 1447 5394 Sed
1460 5339 1520 5408 quia
1533 5337 1657 5392 immanis
1670 5335 1759 5390 verbis

971 5435 1022 5489 boe
1037 5435 1135 5488 bonnm
1149 5447 1202 5487 non
1218 5441 1304 5503 puteat
1318 5431 1460 5498 explicari,
1477 5441 1565 5484 taurea
1580 5428 1649 5483 unde
1663 5440 1759 5497 prore·

969 5524 1025 5580 niat
1038 5538 1092 5577 uon
1107 5531 1219 5577 uretur.
1235 5522 1302 5579 ttiett
1325 5520 1413 5587 enim,
1428 5520 1570 5573 laudabant
1591 5527 1625 5573 te.
1639 5515 1704 5573 lude
1716 5524 1758 5573 cst

969 5615 1067 5688 quippe
1085 5613 1128 5669 illa
1148 5612 1285 5669 beatitudo
1306 5610 1452 5677 mirabilis,
1477 5624 1556 5681 quam
1577 5617 1606 5665 ut
1627 5619 1755 5664 aeteroaut

969 5708 1141 5793 iutelligeres,
1155 5705 1277 5778 subjecit,
1295 5707 1321 5762 iu
1336 5701 1456 5762 acasium
1474 5703 1573 5761 saculi.
1588 5701 1642 5760 Sed
1656 5697 1755 5775 qriatia,
