3794 6128
125 310 192 375 tfb's

582 317 761 374 trxroutto
782 319 814 374 ll
835 318 1064 379 l‘Sslllllllll'tll.
1085 321 1182 377 l'SalL.
1203 321 1315 378 CXLl'l.

122 441 153 485 ot
175 429 231 483 lteri
253 430 337 489 solet.
355 429 386 482 tic
403 445 454 481 tum
469 431 528 484 loton
543 443 760 496 argtuncutortuu
776 434 834 487 dou
849 433 915 488 dcli·
931 435 954 492 Α
971 433 1013 486 bui
1027 477 1034 498 ,
1048 444 1077 488 ιιι
1089 433 1160 505 quod
1176 434 1310 488 laboriose
1321 435 1483 504 peragimus,
1497 453 1543 506 spc
1559 442 1688 509 propositi
1702 461 1762 496 mu·

122 521 238 576 ultiones
251 520 377 588 pluresrc
391 521 511 573 «attrecta
524 529 595 574 sttut.

159 612 236 667 l'crs.
258 612 285 667 o.
304 611 427 682 tregaaatu
444 612 568 665 Doudoua
579 612 605 665 in
621 622 753 679 otrentum,
771 613 916 680 Dorostorus,

124 701 203 765 stoa,
219 703 246 756 in
266 702 390 756 srcrulunt
411 701 510 755 surculi.
536 700 592 756 llou
608 719 638 756 et
656 703 849 772 maguiltccntia
868 704 919 758 Do·

123 795 188 850 mini
213 793 345 864 probatur
367 783 488 863 intelligi.
515 793 583 862 Quid
609 796 680 849 euin't
705 795 918 864 magun-ntus

123 901 203 956 qtram
229 900 341 955 regnare
365 885 507 940 Dominum
529 886 594 942 Sion
613 887 638 940 in
661 887 789 942 sacratum
811 889 918 952 sorcu'i,

123 978 200 1045 cujus
216 979 290 1048 rcgui
308 991 360 1030 nott
375 979 427 1030 crit
442 976 523 1030 stnis'l
541 976 664 1048 llepnuttit
684 978 800 1034 loturum
817 989 920 1050 tempus

125 1069 231 1123 ridetur
245 1067 402 1135 ostendere,
418 1069 526 1137 quando
539 1069 594 1139 jam
614 1070 639 1123 in
655 1071 713 1137 ipso
727 1069 806 1126 corda
828 1080 920 1126 nostra

125 1161 278 1216 tristissima
294 1161 440 1216 tabilitate
453 1162 614 1215 cortoistunt.
626 1160 703 1216 llodo
714 1163 784 1217 enim
798 1165 824 1217 in
836 1179 921 1218 ntem-

125 1254 183 1309 bris
196 1254 252 1308 suis
273 1251 429 1322 plenissime
453 1267 565 1323 regnare
590 1269 642 1307 non
665 1254 761 1308 dicitnr
782 1253 919 1320 crotous,

124 1346 190 1415 quia
209 1343 292 1398 corda
308 1357 400 1399 eorum
417 1343 550 1399 interdum
572 1344 694 1400 inanibus
713 1346 921 1416 cogitationibus

124 1445 300 1505 occupantur.
323 1433 375 1488 Sed
400 1448 460 1488 cum
484 1434 535 1489 hoc
555 1436 668 1491 mortale
688 1451 784 1506 corpus
806 1438 922 1492 induerit

125 1525 374 1591 immortalitatem,
400 1534 426 1579 et
453 1526 546 1580 nutias
572 1528 637 1581 istas
662 1528 837 1598 cogitationes
860 1546 920 1583 cum

127 1616 220 1673 mnndi
236 1618 313 1672 iubis
333 1617 479 1673 arntsuonc
501 1620 654 1690 reliquerit,
672 1628 735 1676 tunc
756 1623 873 1692 perlecto
895 1625 921 1678 in

124 1709 228 1763 sanctis
241 1714 401 1778 regnaturus
416 1718 457 1763 est
475 1709 614 1776 Ctrristos,
628 1712 735 1780 quando
752 1712 842 1780 (sictut
856 1717 922 1769 scri·

971 529 1042 583 neris
1069 528 1250 584 consolemur.
1281 527 1309 582 ln
1340 528 1541 586 laudationibus
1568 550 1632 588 roro
1657 535 1763 590 baanuu

971 619 1115 687 actttsipsc
1139 617 1219 674 babet
1241 620 1380 687 prrcmiom
1402 637 1490 679 suum.
1515 623 1622 691 quando
1644 624 1698 694 ipsa
1713 627 1766 679 erit

971 706 1181 777 retributioque
1195 722 1264 762 nunc
1280 717 1321 761 cst
1332 709 1499 764 exercitatio.
1515 709 1579 765 Nam
1589 728 1649 766 cum
1663 710 1762 768 butum

971 794 1005 848 sit
1018 794 1160 850 llt'tminum
1186 795 1422 863 praemarenus
1446 798 1625 870 uniusquisque
1646 803 1766 857 taoscitur

972 887 1103 955 promissa
1119 883 1187 938 dona
1204 886 1336 952 recipere.
1355 886 1460 955 Recipit
1486 888 1574 957 plane,
1603 891 1714 961 quaudo
1738 893 1765 947 in

973 976 1019 1030 illa
1033 976 1152 1046 angelica
1167 977 1297 1032 socictate
1310 978 1444 1048 singulare
1456 979 1485 1034 lit
1498 987 1595 1036 munus
1610 994 1764 1040 sanctorum

973 1077 1131 1136 perpetuum
1157 1067 1263 1122 Domini
1291 1068 1382 1124 subire
1407 1073 1584 1138 praeconium.
1611 1074 1765 1131 Laudemus

972 1177 1036 1233 crgo
1047 1163 1190 1217 devotione
1204 1166 1256 1232 qua
1270 1177 1424 1231 possumus,
1442 1171 1470 1218 ct
1485 1162 1529 1220 lti'c
1544 1166 1588 1220 illa
1603 1165 1681 1222 beata
1695 1168 1765 1225 duna

973 1256 1142 1311 meditemur.
1155 1256 1223 1324 Quid
1239 1258 1310 1311 enim
1321 1257 1424 1312 lelicius
1439 1272 1518 1327 quarn
1534 1259 1767 1325 modo'ercrcere,

973 1348 1044 1416 qarod
1061 1357 1087 1402 te
1100 1362 1194 1416 speras
1207 1347 1234 1401 in
1247 1346 1334 1402 lutura
1344 1346 1514 1403 beatitudine
1529 1361 1609 1418 posse
1624 1353 1769 1420 peragere?

973 1440 1095 1496 Psalntus
1106 1452 1194 1496 autem
1208 1450 1260 1505 cst,
1274 1448 1303 1495 ut
1316 1455 1329 1491 a
1341 1437 1489 1509 majoribus
1498 1441 1623 1508 traditur,
1637 1456 1766 1512 organum
1824 1438 1828 1444 ’

973 1533 1117 1597 musicum,
1134 1533 1202 1586 sicut
1214 1532 1325 1598 citbara,
1340 1530 1510 1599 pandurium,
1527 1530 1631 1602 aliaque
1646 1550 1705 1605 qum
1716 1552 1767 1591 ιο-

974 1624 1051 1678 cibus
1076 1625 1176 1676 nostris
1194 1621 1352 1676 dulcissima
1376 1621 1557 1678 modulatione
1581 1627 1765 1694 respondent;

976 1715 1046 1784 quud
1062 1729 1132 1782 supr
1144 1713 1265 1767 diximus
1290 1713 1322 1765 ad
1346 1721 1421 1767 actus
1437 1721 1545 1769 notros
1563 1715 1768 1783 probatissimos

126 1813 200 1871 ptum
216 1813 257 1857 est
270 1805 279 1870 )
294 1801 349 1855 Erit
372 1801 441 1855 deus
456 1803 542 1856 omnio
564 1803 774 1873 inamaricat!
790 1805 850 1860 Cor.
875 1822 920 1871 ιι,
939 1800 958 1857 li
977 1808 1120 1875 pertinere.
1146 1805 1315 1873 Quapropter
1329 1802 1508 1858 laudationem
1528 1805 1632 1861 ltomini
1655 1816 1683 1863 et
1698 1808 1768 1878 psal-

123 1894 161 1948 ιιι
174 1897 194 1963 l.
207 1893 289 1963 Cujus
301 1902 390 1949 autem
403 1896 437 1949 sit
450 1894 500 1949 iste
514 1894 644 1949 tlotnious
657 1895 797 1951 evidenter
810 1899 923 1966 erponi-

126 1985 341 2050 lamberemus,
353 1986 427 2041 Sion.
441 1986 504 2040 Sion
517 1987 664 2041 Ecclesiam
676 1988 834 2043 catholicam
846 1988 922 2059 signi·

126 2082 209 2138 licare
228 2097 299 2150 supe
319 2084 373 2150 jam
396 2079 495 2136 dictum
512 2091 570 2147 est,
587 2089 697 2152 propter
711 2083 921 2152 speculationem

124 2182 208 2246 qnam
226 2174 339 2231 cultibet
359 2174 456 2243 populo
470 2173 635 2230 Christiano.
661 2172 718 2244 lpse
732 2175 803 2231 enim
820 2184 921 2231 etcum

125 2285 174 2331 ea,
191 2277 216 2322 et
232 2267 258 2321 iu
274 2266 367 2320 eadem
383 2263 519 2336 reguabit,
536 2266 580 2334 qui
595 2265 807 2322 estbenedictus
829 2267 855 2321 in
870 2279 922 2321 su·-

125 2361 185 2415 cula
202 2361 372 2415 arcendorum.

400 2472 534 2526 duramento
550 2471 652 2539 psalmi.

163 2587 407 2658 tlootcmplatiouis
434 2587 565 2643 lteuclrcio
592 2586 720 2656 propbeta
745 2588 816 2643 circa
842 2588 922 2644 ticum

127 2681 203 2750 quasi
219 2679 309 2733 saeculi
326 2680 497 2743 constitutus,
513 2678 557 2733 ubi
570 2678 626 2748 jan
642 2679 733 2734 muudi
754 2680 929 2748 cttgttoscitur·

128 2771 217 2839 potius
239 2769 389 2823 damnanda
413 2768 591 2837 perversitas,
608 2768 809 2823 universitatem
832 2768 926 2826 docuit

128 2861 236 2918 Domini
251 2862 372 2915 laudibus
389 2860 514 2928 occupari
528 2876 535 2913 :
549 2872 584 2913 ne
595 2859 695 2913 caduco
707 2857 842 2914 desideria
851 2875 923 2929 quse·

128 2961 216 3020 reret,
231 2967 293 3022 quae
312 2951 432 3021 proxime
449 2951 563 3007 liniendo
578 2959 724 3006 constaret.
740 2949 794 3005 Sed
808 2965 869 3007 cum
891 2952 924 3007 ll-

130 3047 175 3101 lud
192 3055 298 3115 tempus
318 3054 458 3100 venturum
480 3043 578 3099 dieitur
597 3044 689 3108 nobis,
706 3043 777 3097 istud
799 3053 923 3099 nostrum

127 3141 188 3192 sine
210 3138 290 3192 dubio
314 3139 460 3191 nuntiatur.
486 3138 514 3192 ln
540 3136 630 3190 mundi
653 3136 724 3190 enim
746 3137 960 3228 ltnesumus,c
991 3188 998 3200 ,

127 3229 237 3301 quando
258 3245 319 3285 cum
344 3244 396 3284 non
421 3229 500 3299 longo
522 3228 664 3283 intervallo
689 3235 813 3298 sttscepta
836 3237 923 3283 morte
975 3204 997 3242 ⁸¹

128 3324 291 3379 desertione.
312 3324 462 3379 Transeunt
483 3338 497 3375 a
520 3323 599 3377 nobis
613 3321 773 3390 cupiditates
796 3321 922 3391 caducae,

130 3415 266 3469 illecebrae
289 3416 434 3471 saculares
454 3414 615 3478 abscedant,
630 3412 696 3467 illud
713 3414 801 3482 potius
815 3413 922 3473 (lutolde-

129 3520 221 3559 renms
235 3510 305 3573 quod
320 3515 451 3560 rotcrnum
469 3520 529 3560 esse
543 3504 740 3574 cognoscimus.

380 3623 536 3680 rsuttttts
556 3621 672 3677 u'xtt't.

465 3714 587 3769 Alleluia.

165 3828 256 3884 t'erba
272 3829 342 3884 tituli
356 3828 396 3884 sui
411 3827 579 3898 subsequens
597 3837 689 3884 textus
702 3826 824 3898 exponit,
836 3835 866 3882 ut
877 3840 924 3898 pe·

129 3925 241 3997 rcgr'na
256 3925 391 3980 locutione
406 3936 456 3978 uon
468 3931 557 3993 egeat,
569 3936 649 3992 quem
663 3922 811 3978 declaratio
823 3919 925 3991 proprii

126 4017 265 4072 sermonis
279 4016 424 4085 explanat;
441 4015 582 4085 legeenim
597 4014 700 4069 initium
717 4012 824 4082 psalmi,
840 4023 924 4067 etex·

126 4107 245 4175 posuisti
257 4107 374 4160 titulum.
386 4104 501 4158 Alleluia
511 4103 643 4174 siquidem
659 4099 792 4172 signillcat
808 4099 924 4154 Lotrdute

127 4195 293 4260 domiuum,-
318 4195 389 4264 quud
412 4195 462 4251 sibi
484 4204 626 4264 utrumque
653 4195 692 4248 sic
715 4206 833 4248 consona
859 4205 925 4245 uoce

126 4286 287 4358 respondet,
299 4294 328 4340 ut
340 4284 445 4340 titulum
462 4286 566 4340 initium
580 4291 659 4352 putes
673 4296 733 4337 esse
744 4279 838 4352 psalmi
850 4297 857 4343 ;
874 4279 926 4334 ini·

975 1897 1071 1951 terium
1087 1898 1112 1950 in
1129 1910 1208 1950 unam
1226 1892 1346 1966 praecipit
1360 1896 1453 1950 venire
1465 1896 1652 1964 concordiam,
1670 1908 1700 1953 ut
1714 1899 1767 1955 sic·

975 1994 1004 2040 ut
1031 1986 1120 2053 lingna
1154 1985 1305 2040 diuinitatis
1328 1984 1462 2054 praeconia
1485 1983 1617 2054 dicimus,
1643 1986 1679 2042 i'ta
1706 2005 1768 2045 cttm

975 2078 1107 2132 bonorutn
1128 2085 1234 2131 actuum
1259 2077 1418 2145 operatione
1444 2074 1596 2131 laudemus.
1623 2076 1768 2150 Sequitur,

974 2168 1030 2224 llcu
1041 2177 1129 2223 nostro
1139 2169 1258 2238 jucundo
1272 2169 1304 2224 rit
1315 2168 1442 2223 laudatio.
1466 2166 1604 2224 btvinttsu
1621 2170 1718 2240 quippe
1728 2180 1771 2226 est

972 2260 1089 2331 jucunda
1107 2259 1237 2328 laudatio,
1262 2261 1369 2330 qnando
1391 2270 1468 2314 actus
1482 2261 1566 2315 nostri
1582 2275 1596 2314 a
1612 2267 1768 2318 sanctorum

975 2355 1118 2410 verborum
1142 2340 1272 2424 qualitate
1287 2367 1340 2408 non
1355 2352 1518 2426 discrepant.
1546 2350 1611 2409 Nam
1630 2355 1710 2426 quale
1728 2364 1771 2412 est

974 2451 1003 2500 ιιι
1015 2446 1133 2516 psalmus
1144 2446 1294 2500 castitatem
1308 2444 1390 2509 dicat,
1402 2454 1429 2500 ut
1441 2454 1536 2502 cantor
1550 2446 1584 2503 ab
1598 2446 1768 2503 obscenitate

973 2553 1004 2592 sc
1017 2554 1069 2592 nou
1083 2537 1239 2593 subtrabatl
1251 2537 1279 2594 Si
1293 2536 1471 2593 bumilitatem
1485 2540 1624 2609 predicet,
1636 2549 1665 2596 ct
1677 2557 1771 2598 narra·

975 2639 1017 2684 tor
1030 2630 1089 2699 ejus
1112 2627 1249 2700 superbio
1277 2625 1386 2684 llatibus
1405 2630 1587 2687 intumescat!
1601 2632 1771 2705 Quapropter

976 2736 1029 2778 non
1043 2730 1131 2791 potest
1146 2735 1161 2774 a
1176 2720 1287 2776 ooottuo
1307 2720 1377 2777 benc
1397 2722 1511 2793 percipi,
1536 2725 1607 2793 quud
1635 2728 1770 2783 contraria

975 2814 1044 2870 inter
1058 2829 1088 2870 se
1103 2813 1224 2869 noscitur
1237 2813 1399 2871 adversitate
1424 2814 1528 2872 luctari.
1554 2814 1629 2873 Tunc
1642 2826 1686 2875 est
1697 2819 1770 2875 enim

975 2910 1091 2966 Domino
1112 2907 1228 2978 jucunda
1244 2908 1370 2971 laudatio,
1385 2907 1493 2980 quando
1514 2909 1542 2964 in
1554 2924 1635 2967 unam
1656 2912 1772 2968 societa-

976 3014 1030 3060 tem
1043 3018 1094 3058 ιοι
1106 3010 1134 3058 et
1148 3005 1201 3058 rita
1213 3002 1399 3058 convenerint.

1012 3097 1090 3153 Vers.
1106 3095 1132 3151 d.
1149 3094 1297 3165 AEditicuns
1312 3093 1459 3151 Jerusalem
1478 3097 1614 3169 dontinus,
1628 3108 1653 3154 et
1671 3101 1772 3170 disper·

999 3185 1153 3242 oncslsruel
1169 3203 1338 3260 congregant.
1366 3187 1418 3244 l‘er
1440 3188 1512 3243 bunc
1540 3200 1569 3245 et
1592 3190 1660 3246 duos
1675 3206 1772 3250 versus

976 3268 1058 3348 Μ
1073 3274 1141 3330 alios
1156 3275 1200 3345 qui
1215 3285 1362 3344 sequuntur
1388 3291 1421 3332 ex
1451 3277 1618 3336 mirabilibus
1641 3280 1773 3352 lactisque

976 3367 1100 3438 gloriosis
1121 3367 1251 3423 dominus
1277 3367 1337 3437 jure
1362 3365 1495 3424 laudatur.
1520 3364 1586 3425 Nam
1602 3386 1663 3427 cum
1684 3372 1770 3430 dicit:

977 3455 1280 3527 AEdilicunrlerusuleot
1296 3456 1433 3524 dontinus,
1453 3469 1476 3513 et
1492 3461 1664 3532 dispersiones
1686 3462 1773 3521 lrroel

976 3561 1146 3620 congregans.
1160 3547 1211 3613 Qui
1222 3558 1299 3602 aanor
1311 3545 1433 3605 contraius
1443 3551 1531 3617 corde,
1544 3562 1567 3607 et
1575 3554 1665 3626 alligat
1677 3559 1773 3612 contri·

977 3634 1059 3689 tiones
1071 3650 1169 3690 eorum.
1188 3634 1239 3702 Qui
1252 3646 1368 3691 ιιιιιιιιιιιι
1382 3634 1573 3694 multitudinem
1588 3642 1732 3709 stellarum,
1749 3652 1773 3699 et

977 3746 1066 3785 omnes
1080 3730 1182 3783 nomine
1196 3746 1243 3783 ruo
1257 3738 1340 3794 comt,
1355 3729 1388 3786 de
1406 3731 1485 3786 lactis
1498 3733 1590 3802 utique
1613 3737 1669 3790 suis
1690 3736 1773 3791 mira·

979 3818 1042 3874 bilis
1056 3818 1230 3888 approbatur.
1250 3818 1408 3874 ostenditur
1431 3829 1521 3876 autem
1537 3823 1564 3877 in
1591 3825 1678 3891 primo
1691 3841 1770 3882 terso

977 3907 1161 3980 discrepantia
1178 3907 1320 3963 Dominum
1332 3925 1386 3964 non
1401 3904 1503 3978 amare,
1513 3908 1622 3982 quando
1636 3930 1698 3971 eum
1712 3931 1773 3972 con·

977 4010 1031 4057 stat
1045 4000 1166 4069 dispersa
1179 3998 1317 4070 colligere.
1331 3995 1397 4054 lla't'n
1411 4000 1638 4069 quemadmodum
1649 4008 1676 4062 in
1693 4008 1772 4064 nobis

979 4093 1096 4162 patiatur
1111 4091 1250 4149 alioscsse
1270 4102 1356 4160 actus,
1378 4091 1459 4150 alium
1474 4095 1647 4164 cantilenam,
1670 4102 1715 4170 qoi
1731 4111 1773 4157 tu·

979 4187 1031 4241 tius
1048 4185 1141 4240 mundi
1158 4186 1270 4255 pupulos
1285 4186 1441 4242 insanctam
1451 4189 1554 4261 colligit
1565 4191 1714 4248 unitatcmt
1727 4195 1774 4251 Sic

977 4277 1049 4331 cuim
1066 4274 1100 4332 de
1115 4275 1182 4330 rivis
1198 4275 1331 4342 lapidibus
1344 4277 1461 4335 udisscat
1481 4280 1611 4338 Dominus
1634 4285 1772 4342 ciuitatem

1695 331 1763 389 {dil
1864 388 1868 393 .

127 4377 273 4430 tiumrero
299 4374 395 4445 psalmi
420 4374 528 4429 titulum
553 4370 748 4429 rationabiliter
772 4369 923 4425 arbitreris.
977 4364 1138 4429 Jerusalem,
1152 4365 1261 4436 quando
1274 4363 1444 4439 dispersiones
1453 4358 1536 4426 lsrael
1549 4385 1697 4446 ootrgregot,
1714 4393 1774 4450 quas

125 4469 301 4538 Quapropter
324 4467 492 4524 confidenter
513 4479 594 4537 arqtro
620 4465 717 4520 bilares
744 4463 926 4531 ingrediamur
978 4456 1005 4510 lo
1030 4465 1087 4509 10¹0
1101 4456 1348 4543 mottdojtubltar'e
1368 4468 1529 4540 noscuntur,
1545 4463 1616 4519 sicut
1634 4467 1660 4520 in
1687 4468 1775 4523 Euan·

126 4560 202 4615 gum
213 4559 358 4630 'mgnum'
370 4558 576 4631 cujusnoppam
589 4560 732 4615 ,atumem
745 4558 771 4613 p„
786 4555 924 4629 ipsasquo.
941 4548 965 4608 D
977 4543 1048 4618 gello
1058 4547 1158 4604 dictum
1171 4557 1214 4605 est
1228 4568 1234 4602 :
1257 4545 1291 4604 Et
1306 4550 1386 4605 mittet
1399 4553 1503 4624 angelos
1521 4570 1581 4610 attus
1594 4571 1652 4611 cunt
1673 4559 1734 4614 tubo
1750 4571 1774 4614 et

125 4668 180 4725 que
192 4653 299 4710 loribus
312 4653 434 4707 absolute
448 4640 647 4724 cognoscimus.

418 4765 515 4820 Diuisio
531 4765 635 4835 prolati.

125 4876 132 4885 '
164 4878 259 4934 l‘riuro
274 4877 354 4934 ruodo
365 4878 489 4932 bortatur
503 4876 638 4948 propbeta
655 4877 780 4946 populum
794 4875 922 4930 deuotum

127 4969 240 5024 laudare
255 4969 408 5032 bominum,
423 4969 469 5038 qui
495 4968 611 5023 ltumiles
631 4967 726 5038 erigit,
750 4976 778 5021 et
795 4965 925 5034 superbo·

128 5074 188 5114 rutn
202 5059 273 5114 colla
287 5055 416 5114 concidit.
439 5059 566 5114 Secundo
592 5057 718 5113 alacriter
732 5056 847 5110 bootino
858 5055 925 5110 dicit

125 5166 187 5207 esse
197 5149 380 5222 psallendum,
393 5151 439 5221 qut
458 5149 670 5219 supplicantibus
689 5148 816 5204 boneucta
831 5145 925 5216 prolu-

127 5241 336 5311 turaconuodit,
361 5243 487 5311 quoniam
505 5241 549 5312 qui
565 5240 599 5297 de
614 5241 670 5296 ouis
693 5240 794 5293 uiribus
820 5252 922 5308 praesu-

127 5348 215 5410 utuut,
230 5341 256 5396 ei
268 5341 378 5412 placere
389 5355 443 5396 non
458 5348 579 5409 pussamt.

410 5453 542 5524 &portato
557 5453 662 5523 psalmi.

160 5571 242 5627 Vera.
267 5569 294 5626 l.
323 5569 440 5628 Laudem
467 5570 617 5635 Dominum,
645 5568 768 5638 quonium
787 5572 918 5623 bonusest

126 5668 262 5740 putaram·
289 5664 342 5720 deo
363 5677 449 5721 nostm
466 5666 583 5738 jucundo
605 5667 638 5717 ιιι
668 5664 794 5717 ιιιιιιιιιιιο.
826 5663 920 5719 Omnis

125 5771 207 5833 opera
222 5758 339 5814 bumaria
356 5757 506 5813 aarercedem
520 5758 570 5812 sibi
596 5756 713 5827 posttalat
727 5755 825 5812 debere
838 5758 917 5813 retri-

268 5853 405 5916 trtrttot..
429 5846 529 5915 Lxx.

978 4656 1037 4695 uoce
1052 4657 1155 4711 ntngnu,
1170 4651 1194 4696 et
1218 4642 1381 4715 congregabit
1406 4641 1480 4716 led„
1495 4649 1699 4722 congregabunt]
1723 4653 1777 4706 ele·

977 4726 1177 4801 ctosagua'tuor
1191 4734 1291 4804 ungulit
1304 4744 1378 4788 terroe
1393 4730 1499 4804 (dluttlt.
1516 4752 1588 4801 xxiv,
1611 4738 1667 4808 31).

1015 4844 1093 4899 Vero.
1109 4844 1137 4898 ὅ.
1159 4844 1210 4911 Qui
1221 4855 1295 4898 sunut
1308 4845 1432 4899 contritos
1445 4847 1533 4909 eorde,
1548 4848 1592 4916 qttt'
1603 4847 1696 4920 alligat
1709 4865 1772 4903 cort·

980 4933 1096 4990 tritiores
1118 4949 1216 4988 eorunr.
1238 4933 1359 4990 llirabile
1377 4949 1462 5002 genus
1474 4937 1622 4993 curationis
1641 4939 1771 5008 edicitur,

977 5038 1008 5085 ιιι
1028 5030 1050 5084 si
1073 5028 1219 5083 restaurari
1243 5027 1381 5094 rolnmus,
1407 5030 1588 5100 nosmetipsos
1603 5031 1771 5087 vivacissime

977 5128 1159 5177 conteramus.
1187 5119 1241 5175 Sed
1256 5120 1305 5174 ista
1322 5121 1448 5177 contritio
1463 5122 1496 5176 ad
1514 5123 1770 5194 redintegrationem

977 5214 1107 5284 pertinet,
1134 5212 1166 5266 ad
1192 5211 1354 5269 soliditatem
1381 5212 1510 5282 deducit;
1540 5224 1570 5272 ut
1594 5215 1665 5285 quod
1688 5231 1769 5286 snpra

977 5304 1180 5360 omnebonum
1205 5312 1258 5371 est,
1288 5304 1363 5361 illum
1385 5306 1520 5363 medicum
1544 5309 1700 5375 introducit,
1720 5312 1771 5381 gui

979 5409 1106 5453 mtcrraam
1134 5398 1226 5452 tribuit
1253 5399 1421 5468 sospitatem.
1448 5401 1587 5472 Sequitur,
1612 5404 1656 5472 qui
1678 5403 1772 5476 alligat

977 5491 1141 5545 contritiones
1152 5507 1250 5546 eorum.
1264 5491 1419 5560 tletapbura
1432 5493 1465 5551 ub
1476 5494 1623 5550 artttlcibus
1634 5495 1771 5562 medendi,

977 5587 1020 5652 qut
1030 5597 1089 5639 tissa
1104 5581 1185 5638 tracta
1199 5594 1278 5654 utque
1289 5587 1401 5642 contrita
1410 5589 1517 5656 quando
1527 5589 1772 5661 solidorcuupluut,

977 5675 1120 5728 linteorum
1137 5673 1285 5742 illigatione
1300 5677 1501 5747 constringunt,
1522 5687 1551 5733 ιιι
1564 5679 1590 5733 itt
1606 5679 1773 5740 soliditatum

975 5766 1116 5836 pristinam
1142 5763 1175 5821 ad
1198 5764 1287 5824 locunt
1313 5779 1391 5823 tuum
1408 5769 1550 5828 redeuntia
1570 5771 1693 5830 membra
1706 5786 1781 5844 οοιο,

1530 5861 1577 5924 ‘db
