3794 6128
137 336 190 395 uti
731 336 765 390 lt.
788 334 926 391 eunucu
947 333 1148 391 caSSlouont
1724 338 1779 394 Ωιι

141 451 224 508 lutera
251 451 350 507 Christi
376 451 528 506 ltumanitus
548 450 720 516 vindicabat,
743 450 810 506 dixit
835 467 841 503 :
868 448 934 505 tlara
949 452 973 512 Α
989 464 1061 514 usur,
1077 448 1140 519 ut);
1154 463 1215 503 curn
1230 449 1275 505 ille
1294 451 1412 508 alluerit:
1433 452 1559 508 Destruite
1578 454 1698 518 ternplum
1720 454 1778 522 laos,

138 557 207 599 retro
231 561 279 608 me.
303 543 415 600 Satanas
437 543 534 615 (tlara
549 559 607 610 urst,
623 543 685 612 53),
700 558 752 597 raon
775 553 803 598 ιιι
822 543 933 612 periret,
984 551 1008 596 et
1021 543 1048 596 in
1063 543 1177 596 tridentes
1190 543 1396 610 edificaboillad
1407 543 1496 617 (doun.
1512 562 1540 613 u,
1555 545 1609 616 lb).
1624 547 1691 612 Durid
1705 548 1778 602 errim

140 636 188 691 sed
212 643 242 690 ut
265 634 369 690 Domini
392 637 556 691 uoluntatem
586 633 656 691 ielici
677 634 864 691 emendatione
890 650 934 690 se·
986 635 1044 703 plns
1060 650 1156 689 vanum
1171 649 1250 704 guam
1272 636 1336 691 illud
1352 638 1384 691 ad
1406 638 1511 705 cttlpatn
1527 639 1664 706 prauitatis
1688 640 1779 694 sturlio

139 735 278 793 queretur.
306 725 377 796 Ergo
402 740 468 796 quos
496 735 643 782 retrorsum
668 725 755 782 redire
776 725 850 793 nult,
880 741 933 780 non
984 725 1054 781 velle
1069 736 1243 791 convertere,
1258 728 1327 796 quod
1339 727 1535 796 practicabatur
1549 729 1673 784 omnibus
1686 728 1719 783 ad
1733 744 1779 784 aa·

138 814 201 869 illos
215 822 289 884 optat
299 814 473 870 intentionem
488 815 632 884 pessimam
649 829 704 870 sna
716 815 859 870 voluntatis
873 814 932 870 elli·
984 816 1089 874 luteml

137 920 220 962 cere:
234 905 280 962 sed
298 906 386 977 potius
399 920 429 962 se
442 908 528 977 serini,
543 906 588 962 ubi
604 906 819 979 nonprolrantnr
831 921 930 962 errare.
1020 910 1097 967 Vera.
1113 912 1139 966 a.
1159 911 1251 968 Veniat
1272 913 1324 967 illis
1339 913 1443 980 laqueus
1457 930 1530 983 meur
1551 915 1680 984 ipnaraat,
1694 924 1719 968 et
1733 930 1779 968 ra·

140 999 191 1064 Qui
203 998 313 1070 cogitant
324 999 387 1053 milri
399 1001 479 1066 mala,
493 1000 551 1055 sira
563 999 596 1055 dc
606 999 716 1064 ludaeis,
730 999 788 1055 sive
800 999 833 1055 dc
847 999 933 1055 licre·
984 1005 1119 1074 ptiaqaam
1130 1005 1319 1060 ocerrltauerant
1329 1007 1505 1077 apprehendat
1515 1023 1572 1070 eas:
1584 1020 1606 1061 et
1618 1008 1645 1061 ia
1657 1007 1776 1078 laqueum

137 1090 208 1156 ticis,
219 1090 276 1146 aire
289 1099 375 1161 potest
386 1091 472 1161 accipi
485 1091 520 1146 de
534 1093 654 1164 paganis.
668 1092 768 1147 Omnes
781 1092 852 1148 enirn
864 1093 933 1147 mala
984 1097 1099 1151 incidant
1112 1098 1274 1169 inidipsum.
1287 1099 1332 1154 Pia
1344 1100 1494 1165 retributio,
1507 1099 1624 1155 rirrdicta
1636 1100 1776 1166 salutaris;

135 1180 250 1252 cogitant
269 1182 313 1250 arri
333 1193 430 1251 prater
450 1182 605 1252 religionem
627 1181 787 1237 catholicam
810 1196 933 1238 asserere
984 1187 1084 1258 artemia
1096 1187 1135 1242 illi
1148 1188 1271 1255 laarrenm
1289 1200 1457 1259 paraverant,
1470 1191 1515 1258 arri
1529 1190 1688 1245 credebatur
1700 1204 1780 1260 posse

137 1271 226 1341 aliqua
241 1285 321 1341 prava
333 1273 481 1329 intentione
496 1271 632 1328 lestirrsnt.
985 1278 1099 1347 nesciri,
1119 1277 1146 1334 in
1165 1278 1237 1334 illam
1253 1280 1414 1336 tendiculam
1437 1281 1557 1336 lucidant
1577 1297 1657 1351 quarn
1682 1296 1779 1338 sensus

173 1359 251 1419 Vera.
266 1362 294 1418 6.
313 1361 393 1417 Fiant
416 1373 537 1434 tanguam
558 1364 640 1434 puluis
663 1373 723 1419 ante
736 1363 828 1433 [scient
845 1365 931 1432 senti,
983 1367 1132 1437 peccatoris
1157 1370 1281 1439 ignorat;
1305 1369 1409 1425 scilicet
1432 1386 1502 1426 nexu
1528 1372 1649 1426 veritatis
1673 1371 1777 1426 astricti

136 1462 163 1508 et
179 1454 284 1527 angelus
300 1451 406 1508 Domini
426 1454 538 1525 affiigens
556 1469 609 1509 ees.
634 1451 723 1508 Paleis
747 1463 853 1510 terrena
877 1455 933 1526 qni·
984 1454 1130 1510 reddantur
1145 1455 1235 1524 polius
1251 1455 1377 1510 absoluti.
1393 1457 1535 1526 Searritur,
1554 1466 1578 1511 et
1597 1458 1682 1529 captio
1698 1472 1779 1529 guam

133 1546 211 1614 'dean
224 1547 272 1602 sed
292 1547 372 1602 nimis
390 1547 465 1602 arida
478 1547 620 1616 tenuisque
637 1545 784 1602 substantia
804 1555 857 1612 cst,
872 1562 932 1618 quun
983 1548 1171 1603 aacntraorranr
1190 1547 1365 1619 apprelreudat
1384 1565 1438 1603 eos.
1457 1549 1523 1615 Quae
1544 1555 1586 1604 est
1608 1548 1651 1604 iila
1670 1549 1778 1618 captio,

134 1651 218 1698 ramo
230 1641 312 1698 dante
327 1643 353 1697 in
374 1655 422 1697 sna
441 1642 505 1697 sede
520 1655 629 1697 manere
644 1655 698 1696 noa
716 1641 829 1709 sinitur,
842 1642 890 1697 sed
905 1643 931 1696 in
983 1640 1033 1694 nisi
1049 1655 1121 1695 mors
1135 1640 1239 1695 Domini
1250 1640 1409 1706 salvatoris,
1425 1656 1485 1712 quae
1496 1640 1609 1697 aesarius
1622 1643 1779 1698 machinata

133 1751 216 1793 auras
233 1736 347 1808 liquidas
370 1735 498 1791 elevatur.
524 1735 561 1790 lta
581 1733 733 1790 noluntates
747 1744 929 1804 peccatorum,
983 1732 1112 1804 probatur
1129 1731 1252 1787 insidiis?
1270 1732 1453 1802 Apprelrendat
1475 1748 1533 1798 eas,
1551 1733 1628 1804 attasi
1643 1733 1778 1804 lugientes

134 1843 196 1883 cum
208 1827 329 1883 veritatis
343 1826 442 1883 luerint
456 1827 631 1896 inspiratione
645 1826 832 1886 commonitae.
846 1842 862 1881 a
874 1835 928 1882 ter·
947 1827 968 1884 li
983 1823 1104 1893 protinus
1118 1833 1309 1894 consequatur,
1322 1835 1349 1881 et
1362 1825 1425 1880 illud
1442 1833 1526 1880 toturn
1540 1825 1657 1892 cilicias,
1674 1841 1709 1881 ne
1724 1825 1777 1880 de·

135 1921 207 1979 renis
231 1921 302 1977 vitiis
325 1922 517 1988 snb'evantnr,
539 1929 566 1977 ct
591 1921 624 1975 ad
646 1921 758 1976 virtutes
780 1918 929 1984 cerbereas,

135 2024 279 2084 praestante
295 2015 423 2078 Domino,
439 2013 631 2082 perducuntur.
648 2013 693 2067 SZc
707 2027 771 2083 crgo
789 2011 867 2066 malis
881 2025 929 2081 op·

135 2115 207 2161 tatur
221 2113 250 2161 ut
264 2105 297 2160 ad
311 2106 392 2159 ritum
415 2105 554 2159 caelestem
571 2103 640 2159 felici
657 2102 844 2158 emendatione
868 2116 930 2169 per·

134 2198 254 2252 veniant.
265 2198 391 2268 dupelnna
406 2196 521 2251 dicimus
534 2210 656 2267 supernae
666 2197 772 2251 virtutis
788 2196 926 2257 arantium,

134 2304 276 2360 perquem
293 2288 382 2344 divina
396 2289 470 2358 jussa
485 2287 666 2358 complentur.
682 2289 735 2343 iste
749 2302 813 2358 erga
823 2288 929 2359 anpelus

135 2396 284 2438 conversos
295 2382 397 2452 aflligit,
413 2392 441 2436 nt
454 2381 481 2436 in
494 2381 567 2435 illam
580 2381 691 2450 patriam
704 2379 808 2435 laticem
821 2379 929 2434 bumili-

133 2471 197 2528 tatis
212 2487 324 2529 moriere
338 2472 527 2542 perducantur.
548 2471 601 2528 Sed
626 2471 736 2526 alllictio
759 2471 807 2526 ista
832 2470 929 2526 bersell-

132 2562 205 2618 cima
217 2572 268 2630 cst,
285 2563 392 2635 quando
410 2564 537 2623 inlocum
553 2565 641 2634 magni
655 2564 783 2631 muneris,
799 2571 829 2618 ut
840 2578 926 2619 ιιιοιι

132 2662 316 2724 μιοριιιιιι.

168 2742 247 2799 bers.
264 2745 290 2798 t.
308 2743 367 2800 Fiat
379 2746 420 2800 aia
433 2761 519 2800 eorum
534 2746 642 2802 tenebras
656 2757 680 2802 et
692 2746 826 2814 lubricam,
843 2757 865 2800 et
878 2764 925 2801 an·

82 2878 84 2882 ,
131 2834 203 2906 gelas
228 2833 333 2891 Domini
356 2851 510 2907 persequens
532 2853 585 2894 eas.
611 2839 639 2892 ln
668 2838 832 2893 contrarium
859 2839 926 2894 sorti

131 2927 318 2995 peccatoribus
335 2928 424 2983 omnia
448 2930 610 2999 postulauit,
634 2937 663 2984 ut
684 2931 724 2984 oia
745 2930 926 3001 propriaque

131 3015 186 3071 illis
199 3016 304 3073 ridetur
318 3017 404 3074 lucida
419 3020 460 3074 rel
477 3020 539 3086 llus,
555 3037 614 3076 curm
630 3022 656 3077 in
670 3024 764 3079 eadem
779 3024 922 3081 alelectabi·

129 3106 406 3176 litercommorantnr,
416 3109 461 3177 piat
472 3109 524 3164 illis
535 3111 772 3183 tenebrosa,qtram
785 3117 922 3183 lrorrcant,

982 1915 1067 1993 relicti
1082 1914 1137 1970 anis
1153 1916 1304 1972 sceleribus
1316 1917 1474 1971 obruantur.
1490 1916 1521 1970 Et
1536 1924 1597 1971 nota
1611 1916 1681 1986 qarod
1693 1915 1737 1972 bic
1747 1916 1777 1972 in

981 2005 1078 2061 bonam
1102 2017 1205 2076 partem
1222 2007 1297 2077 ponit
1315 2008 1452 2076 lagoenam·
1468 2017 1496 2062 ut
1516 2007 1650 2063 mandatis
1668 2007 1777 2064 Domini

980 2100 1060 2168 capti,
1075 2101 1101 2153 in
1116 2100 1230 2171 idipsum
1246 2101 1348 2156 caetani
1360 2101 1445 2172 gratia
1463 2110 1645 2169 perseverant.
1657 2101 1702 2157 Sic
1716 2111 1779 2158 orat

981 2191 1022 2244 cui
1037 2191 1121 2260 gratis
1135 2192 1239 2261 laquear
1251 2192 1437 2246 occultabatur
1450 2192 1534 2252 exitii,
1551 2191 1596 2261 qrri
1612 2192 1711 2246 malum
1726 2206 1778 2262 pro

981 2283 1050 2337 urralo
1061 2298 1113 2336 nort
1130 2283 1256 2347 reddidit,
1273 2284 1360 2338 sedin
1375 2297 1456 2338 cruce
1471 2285 1574 2352 positus
1585 2298 1633 2353 pro
1644 2284 1701 2339 suis
1715 2299 1778 2353 per·

979 2372 1148 2427 secutoribus
1165 2373 1295 2427 exarsit.

1015 2462 1093 2518 Vers.
1113 2465 1155 2518 lb.
1171 2466 1264 2519 Aniena
1278 2476 1361 2520 autem
1373 2483 1429 2522 area
1443 2466 1583 2523 exsultabit
1598 2467 1625 2521 in
1642 2466 1777 2524 domino:

978 2562 1003 2609 et
1013 2555 1179 2610 delectabitur
1188 2572 1266 2625 super
1276 2558 1388 2611 salutare
1398 2559 1464 2627 ejas.
1477 2559 1618 2628 Postquam
1630 2560 1664 2612 de
1673 2557 1779 2627 spiriti·

980 2645 1029 2700 bus
1040 2646 1196 2716 immundis,
1209 2662 1269 2717 arrae
1281 2649 1333 2702 illis
1343 2660 1421 2704 crant
1432 2664 1580 2715 emersura,
1590 2661 1776 2722 competenter

979 2736 1071 2803 adlata,
1088 2748 1115 2793 et
1131 2753 1179 2807 pro
1194 2740 1380 2807 peccatoribus
1394 2756 1469 2798 more
1483 2756 1538 2796 suras
1553 2742 1662 2812 pietatis
1673 2745 1771 2808 oravit,

977 2832 1051 2886 venit
1066 2831 1099 2885 ad
1115 2833 1262 2886 secumdum
1279 2832 1445 2898 membrum,
1463 2835 1508 2889 ubi
1528 2846 1554 2888 et
1568 2835 1690 2888 laetitiam
1709 2850 1775 2902 pro·

979 2921 1043 2990 priae
1056 2922 1154 2977 manns
1165 2922 1284 2992 exponit,
1294 2933 1322 2978 et
1332 2925 1464 2992 passionis
1475 2925 1595 2979 ordinem
1607 2924 1773 2980 lucidissima

977 3013 1091 3068 scritate
1109 3016 1239 3069 narrauit.
1256 3013 1343 3068 Drirna
1362 3014 1461 3084 qnippe
1481 3026 1581 3070 snnetae
1596 3015 1694 3069 animae
1710 3015 1773 3070 bes·

978 3104 1063 3159 titudo
1083 3103 1145 3173 e'st,
1173 3105 1298 3160 exsultare
1325 3105 1506 3160 intrantur:
1527 3106 1588 3175 arria
1609 3115 1693 3161 totuun
1716 3108 1772 3162 illic

131 3209 157 3254 et
171 3199 280 3266 lubrica,
295 3211 324 3256 ut
345 3202 371 3257 in
398 3201 493 3258 eadem
514 3202 613 3260 diutius
633 3212 706 3262 stare
729 3221 782 3261 noa
803 3208 922 3277 possint;
939 3198 961 3257 C
977 3203 1153 3272 corrauiritur,
1169 3217 1228 3259 carm
1241 3218 1317 3259 mens
1329 3202 1364 3258 ibi
1379 3204 1520 3272 purissima
1532 3203 1691 3258 destinatur.
1703 3204 1772 3259 Nam

130 3292 200 3346 sicut
214 3301 241 3348 et
255 3291 385 3349 laccarias
400 3295 529 3364 propbeta
543 3295 627 3351 dicit:
644 3296 676 3351 Et
687 3307 791 3366 propter
802 3299 927 3370 bucineto

129 3391 166 3438 est
176 3385 217 3438 aia
227 3399 313 3438 eorum
326 3386 456 3453 lapsinosa
468 3388 495 3441 in
506 3389 624 3452 resumis
639 3398 664 3442 et
676 3388 924 3458 supplantabuntur,

31 3520 33 3524 .
130 3482 155 3528 et
165 3476 255 3530 eadent
269 3477 295 3531 in
307 3493 337 3531 ea
351 3476 416 3546 (lar.
429 3494 473 3533 xxa
486 3493 505 3546 t,
519 3477 574 3550 lt).
586 3479 661 3546 errrd
672 3481 694 3533 sl
708 3479 795 3534 adbuc
809 3480 834 3533 in
849 3481 927 3534 usalis

106 3588 109 3593 ¹
130 3567 188 3621 suis
200 3566 368 3623 decreverint
389 3569 541 3634 innumeri,
555 3572 641 3625 virtus
662 3569 768 3625 Domini
785 3585 927 3641 persequa-

128 3667 188 3725 tur;
203 3667 332 3728 qnatenus
347 3676 394 3715 eos
416 3662 441 3715 in
459 3659 609 3716 sceleribus
624 3661 681 3716 suis
696 3660 801 3718 lacerare
820 3677 871 3718 uon
888 3662 925 3717 la·

128 3749 193 3816 ciat,
209 3750 254 3820 qrri
267 3751 300 3805 ad
317 3752 441 3807 interitus
455 3752 496 3807 sui
512 3761 571 3807 rota
588 3751 725 3807 festinant.
742 3752 765 3808 0
782 3754 925 3808 multarum

129 3841 350 3898 contrarietatum
374 3859 468 3918 magna
495 3843 629 3900 lelieitasl
651 3843 763 3913 Quantis
788 3846 857 3901 sartis
883 3845 926 3899 liic

128 3932 241 4002 petitur,
256 3941 284 3988 nt
299 3931 446 3989 adversitas
461 3934 639 4004 prosperrima
651 3935 816 4006 prebeatur!

165 4022 243 4081 Vara.
261 4024 288 4080 8.
307 4023 434 4090 Quoniam
448 4028 528 4096 gratis
546 4025 736 4081 absconderant
759 4027 823 4081 milri
841 4027 926 4081 interi·-

128 4126 184 4173 tam
208 4116 293 4188 iapuei
311 4118 363 4189 ssi,
375 4134 437 4174 rane
457 4118 673 4190 exprobraverunt
693 4119 808 4173 animans
832 4136 924 4175 ateana.

128 4207 217 4265 Gratis
231 4224 343 4277 reuera,
356 4210 454 4279 quibus
472 4210 540 4265 nihil
555 4210 618 4266 mali
638 4210 749 4267 lecerat.
761 4210 827 4278 Qua
840 4211 924 4283 ilgura

127 4299 373 4371 dieitursyncrisis,
383 4315 443 4354 cum
451 4301 652 4370 comparatione
662 4303 774 4373 quadam
781 4302 924 4375 justiorem

128 4403 238 4446 causam
260 4397 399 4456 nostum,
424 4404 503 4459 quam
527 4391 674 4446 adversarii
695 4391 923 4449 demonstramus.

128 4481 197 4539 illud
209 4481 280 4537 eninr
296 4481 442 4552 gratuitum
456 4481 534 4555 115
547 4482 673 4550 dicimus,
685 4484 756 4554 quod
770 4499 824 4539 non
838 4485 923 4541 alicu·

979 3297 1023 3368 quai
1039 3296 1145 3351 laetatnr
1162 3296 1187 3350 in
1206 3297 1335 3363 Domino,
1351 3312 1400 3352 ucc
1413 3298 1539 3368 gandium
1553 3297 1612 3368 ejus
1627 3299 1772 3369 aliquando

978 3387 1082 3455 delicit,
1098 3401 1147 3442 nec
1162 3387 1273 3443 suavius
1284 3388 1430 3459 acridanum
1444 3390 1515 3459 quod
1528 3405 1618 3444 amare
1630 3390 1716 3461 possit
1732 3389 1774 3445 ln·

978 3480 1077 3534 seruiet.
1093 3479 1161 3545 Quid
1177 3493 1242 3548 crgo
1253 3480 1374 3547 sequeitur
1388 3481 1465 3534 istam
1479 3480 1705 3535 exsultationem?
1718 3485 1773 3535 scl-

978 3571 1041 3625 lict
1052 3569 1178 3638 quoniam
1189 3569 1357 3623 delectabitur
1368 3585 1444 3638 super
1455 3571 1640 3640 salutareejns.
1649 3568 1773 3626 Salutare

977 3671 1066 3717 antem
1081 3671 1121 3718 est
1137 3662 1242 3717 Domini
1260 3662 1386 3732 maiestas
1404 3662 1499 3728 Verbi,
1518 3663 1589 3718 nude
1603 3665 1678 3718 salus
1693 3679 1774 3733 egro·

976 3754 1060 3820 ditur,
1081 3765 1108 3810 et
1124 3754 1179 3808 rita
1195 3737 1425 3823 praestatnrfl'ons
1442 3754 1651 3822 misericordie,
1667 3755 1772 3825 suppli·

977 3850 1095 3905 cantium
1112 3847 1278 3912 remedium,
1294 3848 1418 3903 remissio
1432 3859 1611 3916 peccatorum.

1013 3938 1090 3995 Vers.
1108 3940 1150 3993 ll.
1168 3939 1259 3992 Omnia
1270 3953 1328 3992 osse
1342 3938 1492 3993 mendicent
1504 3954 1513 3992 :
1525 3936 1647 4001 Domine,
1660 3937 1718 4005 pais
1731 3938 1770 3992 si·

977 4027 1045 4085 ntilt's
1056 4031 1120 4084 tibi?
1133 4030 1197 4084 (issu
1212 4044 1262 4083 nec
1275 4043 1382 4084 sensum
1398 4045 1448 4085 trec
1462 4044 1554 4085 uocem
1572 4030 1670 4084 lraberc
1681 4029 1771 4082 nrani-

977 4123 1073 4178 lcstum
1089 4133 1142 4189 est,
1158 4122 1204 4178 sed
1222 4121 1307 4194 (sicut
1323 4121 1478 4193 ireqrrenter
1490 4123 1624 4189 diximus)
1639 4120 1771 4176 lortitndo

976 4212 1059 4267 autimi
1069 4219 1096 4267 et
1109 4210 1258 4266 constantia
1271 4211 1368 4266 mentia
1382 4210 1482 4267 debent
1497 4211 1620 4280 intelligi.
1637 4211 1702 4278 Quam
1713 4224 1771 4265 are-

976 4304 1031 4359 rito
1042 4303 1141 4359 ossibus
1155 4315 1357 4374 comparantur,
1374 4305 1436 4373 auia
1451 4304 1521 4359 sient
1534 4303 1579 4358 illa
1593 4317 1694 4373 corpus
1706 4315 1773 4358 coa·

976 4397 1078 4464 tinent,
1094 4396 1130 4451 lta
1142 4406 1170 4451 et
1184 4395 1243 4450 nna
1255 4405 1363 4451 sanetas
1375 4393 1532 4451 corroborat
1546 4392 1709 4448 noluntates.
1725 4391 1772 4446 Di·

976 4494 1038 4540 cant
1057 4501 1122 4557 ergo
1142 4485 1194 4542 boc
1213 4495 1412 4542 sacramentum
1426 4501 1495 4550 ossa,
1509 4500 1563 4540 nort
1581 4499 1662 4546 caro.
1683 4483 1709 4538 id
1729 4493 1772 4539 est

125 4570 172 4643 jus
187 4573 225 4627 rei
239 4586 353 4641 compen
369 4572 459 4629 atione
474 4573 610 4628 tribuitur.
631 4572 824 4629 discenderant
844 4575 923 4645 mibi,
940 4564 1102 4643 Durrnnas,
1118 4593 1170 4631 narn
1183 4576 1308 4633 remissio
1320 4593 1327 4630 z
1339 4577 1401 4646 naria
1419 4576 1499 4631 talem
1516 4575 1644 4646 hymnum
1656 4589 1710 4629 aon
1723 4588 1772 4643 po·

123 4674 161 4729 ,ιιι
175 4664 215 4720 illi
229 4665 372 4734 putabant,
388 4665 433 4736 qui
447 4663 596 4720 diuinitatis
617 4664 675 4733 eius
702 4666 848 4738 potentiam
870 4681 924 4723 non

132 4760 288 4818 credebant.
297 4760 363 4815 Nam
375 4760 439 4831 quaid
451 4769 540 4831 potest
553 4761 685 4828 abscondi,
698 4761 739 4816 cni
755 4761 820 4816 nibil
835 4761 923 4817 occul·

130 4861 187 4907 tum
200 4851 259 4908 eati
271 4851 318 4908 llle
332 4853 404 4906 enirn
418 4860 446 4907 et
460 4850 624 4921 proditorem
639 4865 716 4906 sunna
735 4851 761 4906 ia
780 4866 856 4907 eona
876 4851 923 4908 de·

129 4947 255 5016 signarit,
263 4954 289 5001 ct
299 4943 462 5015 passionem,
471 4953 613 5013 autequam
625 4947 788 5013 prosenrat,
800 4946 920 5010 edocuit,

128 5037 337 5109 necquidquam
354 5037 401 5090 init
413 5035 483 5105 qtrod
498 5037 522 5090 ei
538 5036 741 5100 absconderetur,
758 5037 819 5106 arria
833 5037 922 5091 omnia

127 5143 185 5187 suaa
197 5128 340 5184 uoluntatis
354 5127 555 5197 dispensatione
570 5125 729 5195 patiebatur.
747 5127 816 5182 Bene
832 5136 921 5182 autem

128 5220 229 5276 dictum
245 5231 296 5286 est,
308 5218 438 5272 interitum
452 5218 535 5287 lupraei
549 5219 599 5280 sui,
615 5219 676 5286 quia
692 5219 736 5272 ille
751 5219 854 5286 laquens
867 5234 920 5273 narr
944 5244 948 5254 ·

127 5313 268 5367 morientis
282 5320 359 5372 erat,
373 5309 419 5363 sed
437 5310 572 5375 peccantis
597 5310 681 5377 magis
701 5309 833 5362 interitus.
853 5308 920 5363 Nasu

127 5403 198 5470 arrod
214 5404 343 5471 sequitur,
355 5416 417 5456 aare
430 5400 644 5469 exprobraverant
655 5402 767 5454 arriruam
781 5417 873 5467 meam,
884 5401 921 5458 si·

128 5497 237 5570 grr'tsrcat
251 5496 317 5552 lalsc
330 5503 535 5559 accursaverunt,
549 5494 655 5565 artando
668 5493 794 5549 iudaicus
808 5496 920 5564 populus

128 5587 242 5641 Domino
256 5587 388 5643 salvatori
402 5586 472 5641 ulan
487 5586 592 5641 veracia
607 5586 681 5651 acrasi
696 5587 797 5639 crimen
811 5585 920 5654 aliquod

128 5678 305 5748 imputabant.
332 5677 489 5733 clamabant
511 5679 583 5733 enim
606 5677 697 5733 uesani
719 5676 885 5731 mendaciter
911 5693 918 5729 :

128 5767 181 5830 llic
202 5777 237 5827 est
258 5769 302 5842 qai
322 5768 436 5840 dicebat,
458 5769 589 5825 destruam
613 5767 734 5841 tentpluus
750 5770 799 5823 laec
812 5765 918 5842 (ilattb.

976 4678 1028 4727 test
1039 4670 1089 4725 nisi
1105 4669 1163 4725 sola
1178 4669 1276 4725 ruentis
1285 4670 1376 4725 dicere
1387 4668 1525 4725 lortiurdn.
1539 4667 1602 4736 Quis
1615 4666 1769 4738 negativum

976 4769 1018 4817 est
1034 4777 1041 4815 :
1059 4759 1122 4828 onla
1144 4773 1222 4814 tremo
1238 4767 1324 4829 potest
1342 4773 1401 4815 esse
1422 4759 1529 4828 similis,
1545 4772 1605 4814 cum
1623 4757 1659 4810 sit
1676 4762 1770 4810 saneta

976 4853 1094 4911 Trinitas
1112 4852 1266 4922 singularis.
1288 4852 1401 4907 llnltmn
1427 4853 1525 4922 qnippe
1545 4859 1587 4906 est
1606 4856 1730 4904 creatura
1754 4861 1770 4902 a

976 4941 1769 5014 Creatoredlssimilis:llladeniqueseruit,istedomiuatur.

1014 5036 1090 5093 Vera.
1108 5037 1152 5092 lb.
1174 5032 1292 5107 Eripiens
1313 5037 1414 5108 inopem
1434 5035 1465 5090 de
1480 5050 1557 5088 manu
1570 5030 1769 5104 fortiorisled..

976 5127 1122 5202 tertiorum]
1133 5132 1199 5202 ejas,
1207 5146 1313 5202 speratam
1324 5142 1348 5185 et
1358 5143 1520 5199 pauperensa
1531 5126 1689 5194 rapientibus
1699 5139 1767 5179 eam.

977 5223 1004 5277 ln
1024 5223 1076 5276 isto
1091 5237 1170 5276 versu
1189 5223 1314 5291 exposuit
1328 5221 1397 5291 arraial
1413 5219 1536 5289 superius
1554 5218 1640 5274 dixit:
1659 5216 1721 5282 onis
1733 5215 1769 5267 si-

976 5312 1044 5365 milis
1057 5312 1123 5366 tibi?
1135 5310 1201 5365 Num
1214 5327 1274 5366 cnm
1291 5312 1413 5366 diabolus
1426 5325 1506 5365 marm
1521 5324 1569 5364 sua
1584 5317 1687 5362 terreret
1701 5317 1769 5374 pcue

975 5411 1059 5458 toturn
1078 5417 1162 5473 genus
1178 5403 1340 5470 immanem,
1360 5403 1394 5459 de
1412 5404 1453 5458 illa
1468 5408 1600 5472 potestate
1618 5413 1670 5469 qna
1691 5407 1768 5453 terrc-

973 5495 1052 5549 batur
1071 5496 1233 5559 obnoxium,
1255 5504 1360 5551 constat
1381 5495 1564 5550 incarnatione
1579 5492 1660 5547 Verbi
1682 5490 1766 5545 inimo

973 5585 1127 5641 liberatum.
1148 5587 1258 5642 audiuit
1271 5602 1378 5656 auroque
1396 5605 1503 5658 operam
1522 5595 1545 5640 ct
1562 5601 1719 5657 pauperent,
1738 5594 1765 5637 ut

973 5675 1031 5730 baec
1046 5675 1095 5731 tria
1111 5679 1138 5732 in
1159 5693 1239 5733 unum
1257 5678 1368 5733 collecta
1386 5678 1567 5733 conditionem
1585 5679 1694 5746 generis
1712 5678 1765 5728 lru·

973 5766 1045 5844 auaui
1060 5782 1183 5840 pressam
1203 5769 1399 5829 calamitatibus
1416 5768 1579 5826 iudicarent.
1598 5764 1683 5838 inops
1701 5778 1764 5836 erga
