3794 6128
50 266 104 323 23?
503 263 685 322 stromate
703 265 737 322 lli
758 264 986 325 usattsttttttt.
1008 267 1104 326 esst..
1127 269 1249 327 xxxvl.
1646 278 1699 337 258

51 388 189 440 umerum,
203 392 266 433 euro
279 391 386 447 quoque
400 375 622 445 significationem
633 380 718 447 ipsius
731 393 786 434 nou
802 383 851 435 ua·
866 383 891 444 Α
903 380 1069 451 Quapropter
1083 394 1167 452 reatum
1181 383 1273 442 mundi
1287 386 1424 445 nobilibus
1437 403 1635 460 comparemus,
1652 396 1699 466 quai

56 472 128 524 bere.
144 467 245 525 Dicant
255 467 368 523 studiosi
386 465 502 522 locasse
516 467 628 522 meliora
642 485 649 522 :
665 469 742 524 nobis
758 478 851 525 tamen
907 482 932 527 et
947 473 1024 527 lacile
1046 472 1197 540 proliciunt,
1213 483 1240 529 et
1262 477 1396 535 viriditate
1412 495 1507 551 magna
1524 484 1599 552 quasi
1613 489 1699 555 gratia

57 559 156 615 annus
172 557 393 628 perquirentibus
412 573 570 613 concessum
593 574 645 614 non
670 569 712 615 est
726 560 797 615 aliud
812 560 854 615 in·
907 562 1065 615 vestiuntur.
1093 562 1169 616 Olera
1189 563 1323 618 laudunum
1343 567 1494 624 mediocres
1519 583 1652 639 portarum
1671 583 1700 629 et

58 652 146 706 tenire
170 665 255 719 quam
272 649 404 705 diximus.
420 650 553 706 llemouto
568 664 633 707 uero
646 652 717 721 quod
740 653 853 709 istomm
906 648 1031 718 humiles,
1048 667 1106 721 quse
1126 668 1173 720 per
1191 654 1247 709 loca
1262 655 1362 710 inculta
1381 659 1456 728 copia
1472 660 1622 728 pullulante
1634 678 1700 719 con·

58 739 265 809 alphabetorum
276 739 332 807 iam
356 742 452 796 tertius
467 741 585 810 psalmus
609 751 662 813 ost,
676 743 805 812 queniam
826 754 855 799 et
905 754 1028 810 surgunt,
1044 751 1071 797 et
1086 752 1187 798 naturae
1202 759 1257 800 suu
1271 756 1404 813 agrestem
1418 757 1498 818 atque
1510 749 1641 819 lulspidam
1657 769 1701 807 rc·

60 829 344 900 ipaiadseptenarium
357 846 498 887 numerum
510 833 641 901 tendunt,
656 834 854 905 quodsuolupn
905 830 992 887 tinent
1015 832 1181 901 qualitatem.
1204 833 1257 888 Sed
1281 842 1309 888 et
1332 835 1395 890 illud
1417 837 1534 891 uelociter
1550 841 1655 906 erescit,
1674 852 1701 896 et

58 920 200 976 decadum
217 930 270 976 cst.
906 923 956 976 ista
971 924 1021 977 cito
1036 925 1168 979 decidunt.
1185 926 1238 980 Sed
1253 926 1325 981 dieat
1338 927 1446 996 aliquis,
1460 930 1571 995 Quando
1584 931 1635 985 boc
1647 933 1701 989 ills

348 1008 444 1067 Diuisio
464 1013 568 1082 pralon.
904 1012 1014 1069 euenire
1039 1014 1203 1069 credendum
1229 1019 1288 1070 estt
1313 1015 1420 1072 Scilicet
1450 1029 1571 1086 tempore
1595 1018 1699 1086 judici,

88 1103 140 1159 Per
162 1111 252 1158 totum
272 1104 416 1172 psalmum,
436 1104 506 1159 sicut
519 1105 618 1161 dictum
645 1112 697 1174 est,
721 1107 852 1165 Ecclesiae
904 1103 1011 1172 qaandu
1031 1104 1159 1173 splendor
1174 1107 1275 1160 :estatis
1297 1104 1408 1173 arridet,
1424 1119 1484 1161 ctum
1507 1107 1541 1161 ad
1557 1118 1702 1166 cousuetu-

57 1208 105 1249 ιω
128 1193 316 1248 introducitur
332 1193 366 1247 ad
386 1197 513 1266 populum
538 1197 738 1266 corrigendum.
763 1199 853 1255 Prima
904 1194 994 1250 duem
1010 1196 1137 1251 arborum
1149 1198 1238 1251 omnis
1251 1197 1331 1252 bomo
1345 1196 1448 1252 fructus
1461 1212 1525 1252 suos
1537 1199 1633 1268 aperit.
1644 1198 1700 1254 Sos·

57 1284 193 1356 &dom
211 1292 368 1340 comnrouet
391 1301 425 1340 ne
448 1288 623 1357 malignantes
645 1289 786 1359 quisquam
806 1291 853 1346 do·

58 1378 116 1437 leat
137 1378 254 1441 imitari,
277 1378 326 1433 sed
346 1378 473 1449 quidquid
497 1381 559 1436 boni
583 1383 744 1450 sperandum
767 1391 852 1447 ast‚a

58 1468 172 1525 Mino
196 1467 358 1538 postuletur,
379 1469 424 1538 qui
447 1470 521 1525 novit
545 1479 573 1525 et
594 1471 732 1540 protutura
757 1488 854 1528 conce·

58 1559 131 1626 dere,
145 1568 177 1615 et
198 1558 355 1628 perenniter
372 1575 497 1615 mansura
521 1570 652 1629 praestare
663 1579 670 1616 :
683 1562 709 1617 iu
732 1578 785 1631 qua
801 1563 854 1618 lle·

59 1649 120 1707 tuat
133 1648 274 1717 alpltabeti
287 1662 335 1704 sea
350 1649 444 1704 littera
458 1651 640 1707 contineatur.
654 1651 777 1707 Secunda
788 1652 854 1708 dicit

904 1289 992 1343 culum
1008 1290 1079 1344 euim
1101 1291 1171 1345 istud
1194 1291 1339 1346 similitudo
1358 1301 1400 1348 est
1416 1290 1524 1358 hiemis,
1549 1291 1593 1348 ubi
1615 1292 1702 1349 lacto·

905 1395 965 1436 rum
977 1391 1129 1436 nostrorum
1146 1397 1225 1437 mnne
1236 1398 1346 1453 germen
1368 1384 1501 1440 inclusum
1522 1395 1579 1452 est;
1593 1400 1643 1442 nee
1655 1402 1703 1455 po·

906 1481 958 1526 test
970 1473 1004 1527 dc
1019 1474 1059 1526 eis
1071 1471 1198 1540 judicari,
1212 1489 1272 1543 quae
1288 1475 1434 1543 probantur
1448 1476 1614 1531 abscondita.
1626 1476 1701 1544 Qua-

907 1571 1017 1633 propter
1033 1564 1058 1617 iu
1075 1563 1117 1617 bis
1129 1563 1234 1618 duobus
1247 1565 1370 1618 versibus
1384 1565 1465 1620 etiarn
1480 1565 1543 1621 illud
1557 1581 1703 1636 argumen-

906 1664 960 1707 tum
982 1652 1134 1707 declaratur
1156 1654 1284 1707 eximium
1308 1654 1378 1724 quod
1403 1655 1500 1709 dicitur
1524 1655 1702 1725 epichirema,

59 1750 217 1811 peccatores
234 1742 351 1796 maxima
363 1742 406 1796 bic
419 1742 527 1798 lrnvidiae
541 1745 706 1802 cmeiatiouc
719 1747 851 1816 torqueri,
870 1741 997 1814 qbatine
1019 1743 1157 1798 exsecutio
1177 1745 1234 1799 siue
1250 1753 1446 1814 argumentum,
1465 1746 1535 1815 quod
1551 1745 1589 1801 rei
1613 1745 1703 1802 dubia

58 1833 186 1903 quoniam
200 1831 229 1887 in
245 1833 301 1888 suis
315 1833 419 1888 actibus
436 1833 502 1887 nttntt
519 1834 606 1890 simile
626 1836 688 1889 boni
706 1837 851 1891 scitabere

60 1930 226 1992 mguoscum
237 1939 244 1975 ε
257 1923 315 1978 brec
330 1921 412 1978 lubet
431 1923 534 1979 ltteras
552 1933 666 1995 septem.
691 1925 779 1982 Tertia
795 1942 855 1996 pru·

61 2013 147 2068 ltetur
158 2027 338 2084 nunquamse
346 2012 450 2084 instrum
466 2015 565 2071 uidisse
582 2017 753 2082 derelictum,
767 2018 853 2073 malo·

61 2119 115 2160 mut
135 2118 234 2175 poeuas
252 2113 281 2161 et
295 2105 403 2174 praemia
416 2105 546 2161 horrorum
569 2109 627 2163 utili
644 2112 854 2166 cornmuueone

63 2200 242 2264 ,emissarum
258 2196 308 2250 ista
322 2211 382 2264 pars
398 2196 518 2252 residuas
532 2197 612 2252 babet
627 2197 730 2252 litteras
745 2207 816 2253 octo.

331 2286 466 2358 Expositis
483 2289 584 2357 psalmi.

94 2380 174 2436 Vers-
195 2382 222 2436 l.
243 2382 344 2436 desert.
369 2379 433 2434 Noli
452 2381 569 2435 aemulori
590 2383 658 2435 inter
674 2382 854 2450 narbonenses,

64 2487 140 2543 aeque
158 2470 296 2526 emulatus
319 2472 399 2538 fueris
423 2471 544 2540 {scientes
568 2472 738 2541 iniquitatem.
757 2471 858 2526 Princi-

63 2563 134 2631 pium
148 2561 256 2632 psalmi,
271 2561 362 2625 idest,
379 2560 440 2615 Noa
460 2560 577 2615 emulari
589 2562 656 2614 inter
672 2562 854 2632 muliqnttutee,

62 2670 143 2724 neque
159 2654 295 2709 emulatur
311 2654 390 2726 {ueris
402 2654 524 2724 [ocientcr
543 2652 717 2722 iniquitatem,
734 2653 856 2722 quonium

56 2760 189 2818 uuquam
210 2750 297 2819 [enum
314 2746 432 2800 uelociter
450 2754 575 2809 arescent,
590 2752 613 2797 et
629 2745 694 2798 sicut
710 2745 779 2798 oleru
797 2743 857 2797 laer·

57 2839 156 2894 mn
169 2837 218 2891 cito
240 2836 369 2901 decident,
389 2835 534 2904 categorici
555 2834 705 2905 syllogismi
726 2834 857 2904 qualitate

51 2929 212 2985 tornatum
224 2934 266 2982 est
278 2927 314 2981 ita
326 2925 396 2993 :Qui
410 2926 590 2993 malignantur
606 2936 633 2980 et
648 2923 749 2979 iaciunt
760 2924 855 2994 iniqui·

53 3026 164 3085 utun,
179 3026 303 3088 tanquam
323 3016 414 3072 lenum
434 3015 563 3071 uelociter
586 3021 769 3076 arescentet
787 3015 856 3070 sicut

908 1833 988 1888 sudem
1012 1849 1059 1903 per
1082 1835 1205 1903 exempla
1230 1834 1386 1900 consumam
1409 1848 1546 1890 ostensum
1571 1844 1612 1892 est
1627 1835 1701 1891 enim

906 1921 961 1976 citu
973 1923 1070 1992 impios
1085 1923 1183 1978 cadere
1198 1938 1245 1993 per
1261 1923 1351 1979 lenum
1367 1934 1393 1980 ct
1406 1925 1492 1979 olera.

944 2011 1019 2067 llere.
1033 2013 1060 2066 5.
1084 2012 1168 2067 beru.
1184 2012 1266 2082 Spero
1279 2015 1307 2067 in
1322 2013 1432 2067 dominc
1449 2022 1473 2067 et
1486 2014 1528 2083 [uc
1547 2013 1697 2082 bonitatem,

907 2109 930 2155 et
945 2101 1062 2155 tntcttuu
1086 2111 1190 2168 terrant,
1210 2110 1234 2155 et
1254 2103 1365 2171 pasceris
1379 2102 1405 2155 a'n
1418 2102 1514 2155 diuitiis
1534 2103 1602 2174 ejus.
1624 2103 1702 2157 l‘ost·

908 2208 989 2263 quam
1008 2193 1186 2262 malignantes
1201 2194 1320 2247 studiose
1333 2194 1436 2249 censurii
1453 2194 1603 2258 esitando,
1627 2208 1700 2250 nunc

907 2285 1040 2354 quomodo
1060 2284 1150 2340 lacero
1172 2285 1318 2340 debeamus
1330 2287 1465 2342 admonet.
1482 2286 1600 2342 Primum
1617 2288 1702 2358 siqui·

904 2376 969 2433 ,dem
981 2385 1136 2432 commonet
1149 2385 1177 2429 ιιι
1191 2393 1320 2446 speremus
1332 2377 1358 2431 in
1371 2377 1498 2441 domina·
1514 2379 1563 2431 loc
1575 2379 1701 2432 introitus

908 2468 979 2532 ttdet,
995 2469 1044 2524 bue
1059 2469 1165 2522 initium
1179 2469 1273 2523 solutis
1288 2479 1340 2524 est.
1356 2469 1494 2539 Sequitur,
1511 2481 1534 2524 et
1546 2470 1588 2535 luc
1601 2470 1701 2524 bonito-

908 2569 957 2612 teus
969 2574 977 2611 :
988 2560 1063 2629 quia,
1078 2559 1146 2613 sicut
1164 2560 1270 2628 legitur,
1287 2557 1312 2610 F
1314 2560 1368 2617 t'dcs
1386 2562 1441 2615 aine
1463 2561 1581 2631 operibus
1601 2570 1703 2615 intortus

908 2658 943 2703 eat
956 2647 1056 2717 (tacut.
1069 2664 1098 2714 u,
1111 2649 1169 2718 ιθ).
1186 2649 1306 2703 lnlmlaitu
1317 2659 1411 2704 terrum
1419 2667 1428 2715 ;
1445 2651 1495 2705 lunc
1508 2660 1548 2705 est
1564 2652 1590 2704 in
1603 2662 1703 2706 sanctu

909 2739 1035 2794 Eectestn
1049 2740 1196 2794 uisceribus
1212 2755 1353 2809 persevera
1367 2758 1374 2796 a
1387 2741 1512 2810 quoniam
1528 2741 1621 2797 fideles
1637 2758 1703 2797 utru-

909 2844 989 2899 quam
1004 2830 1080 2883 decet
1095 2829 1200 2897 abipsa
1222 2830 1371 2886 discedere.
1399 2832 1432 2885 Et
1455 2847 1488 2886 ne
1502 2831 1614 2887 forsitan
1629 2834 1703 2888 dice·

909 2920 1083 2987 returzqntt
1103 2921 1223 2989 proderit
1243 2922 1264 2975 si
1285 2924 1334 2976 ista
1356 2920 1504 2977 iaciamusl
1520 2925 1641 2994 sequitur
1661 2936 1702 2979 to·

909 3013 963 3067 tius
973 3013 1011 3066 rei
1023 3028 1116 3081 inagna
1131 3015 1333 3082 compensatio:
1347 3013 1464 3068 Pasceris
1479 3017 1505 3070 in
1520 3016 1615 3071 diuitiis
1630 3023 1698 3088 ejus.

48 3110 140 3166 olera
164 3106 306 3163 herbarum
329 3107 383 3163 cito
397 3106 522 3163 decident
535 3124 543 3161 a
557 3120 650 3161 omnes
669 3107 713 3175 qui
731 3119 856 3174 tanquam
871 3121 893 3181 c
911 3105 1040 3172 Pasceris,
1063 3104 1096 3158 ad
1116 3107 1279 3160 saturitatem
1296 3106 1421 3174 pertinet,
1442 3106 1520 3160 etad
1542 3107 1645 3161 suasita
1658 3122 1702 3162 em

51 3201 164 3256 lenum
188 3200 312 3255 rdoeiter
333 3207 467 3265 arescent,
484 3207 512 3254 et
533 3198 603 3252 sicat
623 3199 694 3253 olera
713 3198 857 3253 herbarum
909 3211 1064 3266 perentiem.
1081 3195 1114 3249 lu
1137 3196 1232 3250 diuitiis
1251 3198 1316 3268 ejus,
1331 3196 1354 3249 id
1373 3206 1415 3250 ost
1429 3195 1455 3250 in
1478 3196 1575 3251 Claristi
1593 3197 1699 3253 bomini

50 3287 418 3352 eitodeeideut,uonsuut
436 3287 858 3357 acutulaudi3uonigiturncmu·
907 3286 1153 3354 contemplatione,
1178 3286 1222 3354 qui
1250 3286 1323 3340 stilus
1348 3284 1533 3339 inestimabile
1564 3287 1702 3354 praemium

51 3379 180 3436 landum
192 3387 233 3432 est
252 3379 322 3432 inter
340 3376 518 3448 malignantes
532 3385 560 3432 et
576 3377 706 3431 iacientes
728 3376 857 3446 iniquita·
909 3377 1038 3447 probatur
1056 3377 1192 3431 Ecclesiae.
1209 3379 1231 3431 0
1254 3388 1343 3444 pastus
1359 3376 1404 3431 ille
1419 3375 1558 3439 mirabilis,
1576 3391 1628 3431 aton
1644 3392 1698 3432 cor·

55 3480 133 3526 um.
147 3467 318 3539 Perdguram
330 3467 493 3538 ethopoeiam
505 3466 627 3535 prohibat
640 3482 687 3522 nos
700 3476 790 3522 abacta
803 3484 859 3523 ma·
910 3468 981 3535 poris
1005 3464 1136 3521 defectiva
1159 3465 1280 3532 relectio,
1307 3465 1354 3521 scd
1384 3465 1579 3520 inextricabilis
1608 3467 1703 3522 anima

56 3574 107 3618 aer
120 3561 257 3627 Ecclesia,
277 3575 311 3616 nc
332 3560 462 3615 malorum
486 3560 591 3615 actibus
605 3559 741 3625 delectati,
764 3574 859 3615 eorum
910 3559 1056 3613 lentitudo!
1080 3557 1143 3614 lude
1158 3559 1314 3627 saginantur
1340 3556 1638 3628 lideleszcibus122
1659 3559 1705 3626 qui

57 3651 187 3708 catervis
201 3650 329 3705 socictate
341 3658 399 3720 pest
411 3648 467 3705 lcra
482 3651 653 3705 misceamur.
670 3649 766 3704 llultos
787 3652 859 3705 enim
911 3659 1040 3719 quantum
1055 3648 1145 3712 satiat,
1162 3657 1265 3702 tautum
1277 3648 1380 3703 beatam
1395 3646 1491 3703 lumem
1506 3662 1614 3717 setttper
1624 3663 1706 3718 erag-

56 3741 198 3798 mittetur
221 3740 319 3795 culams
343 3739 458 3795 uelanda
484 3742 668 3809 peccaminum
694 3749 721 3794 ct
744 3739 861 3796 delectu·
910 3750 996 3810 gerat.

59 3834 143 3891 tione
159 3833 271 3901 quadam
288 3832 454 3903 decipimur,
475 3833 582 3904 quaudo
599 3846 659 3886 cum
675 3832 797 3902 plurimis
813 3831 860 3886 de-
949 3829 1026 3884 tens.
1040 3830 1067 3883 d.
1082 3830 1215 3884 delectare
1229 3830 1256 3882 in
1277 3826 1398 3893 Datiano,
1418 3835 1442 3882 et
1455 3827 1526 3881 dubit
1544 3827 1589 3880 tibi
1603 3826 1706 3898 petitio·

58 3927 192 3995 linquere
205 3922 372 3980 festinamus.
393 3924 495 3979 Deinde
508 3925 629 3993 sequitur
655 3932 684 3976 ut
705 3937 755 3977 nee
768 3923 861 3993 singil-
911 3923 1062 3977 remeantis
1075 3922 1125 3975 tui.
1143 3920 1288 3976 Delectatio
1302 3931 1328 3976 et
1343 3920 1491 3989 corporalis
1505 3921 1602 3974 dicitur
1616 3928 1643 3975 et
1653 3921 1706 3988 spi·

57 4015 146 4068 latim
167 4011 300 4066 imitemur
315 4012 436 4079 insanos,
459 4012 522 4067 dum
537 4027 584 4068 cos
600 4011 712 4067 forsitan
727 4011 861 4065 credimus
912 4014 1035 4069 ritualia:
1050 4012 1095 4066 illa
1111 4011 1194 4066 uutrlt
1206 4012 1280 4074 unia,
1294 4012 1343 4066 ista
1360 4012 1483 4065 uirtutes.
1500 4006 1634 4064 Delecture
1645 4024 1708 4063 curu

55 4118 126 4160 esse
146 4099 246 4168 retices,
266 4101 311 4172 qul
335 4101 369 4157 ad
384 4111 488 4172 tempus
502 4103 626 4159 libertate
640 4102 783 4158 criminum
799 4119 861 4172 pcr-
912 4107 974 4162 dicit
988 4108 1015 4159 in
1027 4106 1149 4174 Durnium,
1162 4118 1272 4158 suavem
1286 4102 1335 4155 tibi
1349 4101 1405 4156 uult
1418 4115 1479 4156 esse
1494 4102 1554 4169 ejus
1578 4099 1706 4154 recorda·

56 4194 205 4248 truantur.
226 4189 356 4245 AEmalcri
383 4207 448 4248 rcro
470 4193 515 4248 hic
534 4193 666 4261 signiticat
687 4193 771 4248 malos
785 4201 861 4248 actus
913 4197 1024 4262 tionem,
1040 4204 1069 4249 ut
1080 4210 1154 4249 annes
1169 4209 1249 4264 quem
1269 4194 1358 4256 times,
1373 4200 1402 4246 ut
1416 4190 1552 4247 desideres
1566 4205 1645 4260 quem
1659 4204 1706 4244 rs·

56 4285 182 4346 insunt.
204 4278 263 4337 etin
278 4298 306 4339 se
320 4283 379 4340 dies
400 4283 551 4354 perdidisse
572 4290 676 4351 purcant,
697 4281 742 4352 uui
758 4283 860 4338 andan
913 4291 990 4353 uerte
1005 4285 1509 4355 ntanotasqumerenuenpauescas.
1525 4282 1707 4353 &quirinum
1732 4293 1737 4302 ·

54 4377 115 4433 sibi
144 4374 277 4430 malorum
296 4373 430 4429 licentiam
453 4373 608 4444 provenisse
625 4375 771 4442 suspirant.
790 4373 860 4428 Nam
913 4379 982 4432 drubit
1002 4377 1046 4432 tibi
1062 4378 1208 4447 petitionem
1223 4376 1307 4430 cordis
1332 4376 1380 4429 tui.
1404 4374 1518 4443 llespice
1538 4374 1599 4444 quia
1616 4376 1705 4428 cordia

56 4478 88 4525 et
113 4467 146 4521 iu
170 4464 243 4519 bono
260 4463 371 4534 uerbum
392 4464 444 4520 boe
466 4467 540 4536 ponit
564 4465 719 4533 Apostolus,
745 4465 857 4520 dicens:
875 4467 990 4556 olisia,
1006 4482 1059 4522 uon
1076 4466 1174 4527 cannis,
1194 4467 1264 4535 quod
1282 4465 1314 4520 ad
1330 4466 1489 4534 sapientiam
1504 4465 1575 4518 solet
1597 4464 1707 4522 referri.

56 4555 405 4613 AEnalomiraicltariamatn
419 4553 561 4626 melioru(l
579 4555 637 4608 Cor.
650 4570 697 4619 ru,
712 4554 768 4623 51).
911 4557 1001 4611 Gordiu
1019 4558 1089 4611 cuim
1117 4557 1203 4627 petitio
1232 4566 1274 4611 est
1296 4556 1377 4621 ludes,
1401 4555 1530 4617 clamitas,
1555 4554 1708 4610 intellectus

98 4646 184 4701 Vera.
205 4644 234 4698 2.
255 4646 381 4713 Quoniam
416 4655 539 4715 tanagrum
563 4645 650 4714 [uuum
667 4645 786 4699 uelociter
801 4661 860 4699 ure·
912 4649 971 4715 llei,
985 4658 1012 4704 et
1024 4663 1105 4717 opera
1118 4659 1225 4703 actuum
1242 4649 1383 4703 bonorum.
1398 4645 1457 4716 lpsa
1480 4646 1552 4700 euim
1566 4650 1706 4701 consuerit

59 4744 150 4800 aaut,
168 4746 194 4789 ιι
212 4735 279 4789 sicat
298 4734 369 4790 olera
387 4735 524 4790 barbarum
536 4737 587 4791 rito
601 4737 728 4792 decident.
745 4736 860 4792 llcddita
912 4740 1044 4809 propitius
1065 4753 1196 4806 annuere,
1223 4753 1282 4807 que
1310 4739 1378 4793 solet
1399 4738 1449 4807 piis
1471 4735 1707 4805 praedsseationibus

59 4835 106 4882 eat
120 4838 203 4879 causa
214 4824 361 4896 probabilis
375 4841 458 4896 guare
476 4827 550 4897 sequi
565 4842 618 4881 nou
633 4825 780 4881 debeamus
790 4841 859 4896 quos
912 4826 1069 4882 admonere.
1087 4824 1122 4879 lta
1138 4826 1250 4897 singulis
1263 4826 1414 4896 quibusque
1428 4825 1568 4880 sententiis
1579 4824 1613 4879 ad
1627 4835 1714 4886 ator«

60 4919 168 4973 scimus
182 4917 308 4973 celeriter
321 4930 382 4973 esse
400 4919 545 4989 perituros.
567 4916 668 4973 fenum
690 4917 799 4984 pulchra
816 4931 859 4973 rcs
914 4932 975 4972 nam
993 4919 1074 4970 uitam
1087 4916 1246 4972 informator
1260 4917 1365 4972 animus
1379 4913 1536 4971 Cluistiani.

61 5007 272 5075 easdamriret,
292 5008 356 5064 dum
375 5010 467 5075 dorct;
482 5010 530 5066 scd
551 5025 612 5065 cum
633 5009 742 5074 aruerit,
759 5018 860 5064 mutato

64 5100 193 5169 pretim
207 5100 297 5157 colore
317 5101 470 5158 marcescit.
485 5101 531 5158 Sic
545 5109 608 5156 suut
621 5101 707 5170 impii,
724 5102 769 5170 qui
784 5101 859 5171 quasi

65 5192 162 5247 maida
175 5190 269 5247 latitia
288 5193 441 5248 relucentes
462 5205 624 5262 prematuro
646 5192 699 5248 dure
712 5193 859 5249 siccantur.

65 5285 160 5341 Primo
182 5287 243 5355 [eno
266 5285 413 5354 comparati
437 5292 516 5352 sunt,
541 5293 569 5338 ut
591 5293 759 5350 arescerent;
789 5298 860 5338 niune

67 5373 219 5447 vatibus
240 5374 361 5440 nudum,
380 5383 409 5428 ut
427 5372 593 5430 deciderent.
613 5372 671 5429 Non
690 5373 762 5428 euim
781 5373 859 5437 dixit,

67 5468 138 5522 atne
152 5465 302 5528 hortorum,
313 5463 372 5531 sed,
386 5464 540 5531 autunum,
554 5474 583 5520 ut
596 5463 759 5531 signillcaret
773 5465 861 5533 potius

68 5555 111 5610 ila
128 5555 330 5625 niissumque
345 5568 394 5623 per
412 5568 491 5623 agros
505 5564 600 5624 sponte
615 5562 767 5610 naseuntur.
784 5553 862 5609 Olera

68 5647 140 5703 ιιίιιι
159 5647 196 5703 ab
216 5645 269 5702 olla
289 5644 361 5702 dicu
379 5654 452 5716 suut,
467 5646 510 5703 ubi
533 5647 644 5705 collecta
663 5645 860 5717 decoquuntur.

951 5008 1027 5063 i'ars.
1039 5008 1067 5063 5.
1081 5004 1179 5062 Graue.
1192 5006 1285 5060 Revela
1300 5005 1409 5061 Domino
1419 5007 1485 5060 aiom
1501 5013 1585 5069 tuctu,
1597 5013 1620 5059 et
1634 5021 1716 5074 spera,

914 5099 941 5152 in
952 5113 997 5164 co,·
1009 5108 1031 5152 et
1043 5097 1098 5165 ipae
1109 5096 1196 5167 [sciet.
1208 5095 1303 5151 i'elum
1315 5094 1448 5166 quoddam
1460 5102 1500 5148 est
1511 5093 1633 5150 densitas
1647 5109 1710 5163 pecae

915 5199 1048 5254 catorum,
1064 5188 1134 5244 uude
1145 5189 1196 5252 no,
1213 5189 1239 5243 id
1259 5197 1300 5242 cst
1314 5189 1367 5242 rita
1383 5197 1477 5247 nostra
1488 5187 1622 5242 tenebrosi
1641 5186 1709 5246 ami-

911 5291 970 5336 ctus
1004 5279 1215 5336 circumdatione
1241 5278 1336 5333 uestita
1370 5285 1422 5332 est.
1449 5276 1522 5330 ilaue
1546 5276 1709 5343 revelamus,

913 5373 1020 5444 quando
1034 5373 1130 5429 delicta
1146 5381 1236 5428 ruostra
1259 5367 1457 5440 promptissime
1470 5365 1638 5422 confitemur.
1656 5365 1708 5420 Re·

912 5463 1005 5519 aelout
1029 5462 1101 5519 enim
1128 5461 1227 5517 Paulus
1247 5460 1383 5530 apostolus
1408 5459 1474 5511 uiam
1494 5470 1578 5520 suum,
1601 5454 1709 5523 quando

913 5551 979 5606 dixit
994 5567 1002 5606 :
1018 5551 1083 5606 Coro
1101 5552 1255 5622 concupiscit
1273 5551 1393 5603 aduersus
1408 5547 1539 5616 spiritum,
1557 5553 1582 5599 et
1602 5545 1708 5615 spiritur

914 5645 1036 5700 aduersus
1055 5658 1158 5701 curnem
1177 5639 1277 5716 (lirim.
1301 5656 1328 5706 r,
1350 5635 1405 5709 iil.
1428 5635 1547 5710 Sperabit
1570 5643 1659 5693 autem
1680 5634 1709 5697 ιἰι
