3794 6128
124 187 187 244 tuit
268 249 269 252 Ἴ

721 190 756 245 ll.
778 183 915 244 auselii
935 180 1133 241 ctssttebOttt

1677 186 1750 243 iot!

123 310 223 367 roboot,
240 316 262 360 ιι
277 317 364 378 poturo
384 321 466 357 insum
482 320 540 358 rum
555 307 614 368 dots
629 307 802 378 temperabam
820 305 906 376 (Psoi.
924 295 1006 360 'sero
1022 301 1231 356 descendentibus
1255 301 1280 352 iss
1300 299 1398 353 tarum.
1420 298 1482 354 ensa
1493 298 1633 355 exordium
1649 301 1764 361 ducum.

124 414 169 462 cs,
186 397 240 466 lb).

163 489 240 543 l'ors.
255 488 283 540 i.
297 484 435 538 Collocavit
449 500 487 536 mc
499 486 523 537 in
537 487 649 538 obstruis
662 493 725 539 sirm
737 497 850 539 mortuos
864 501 912 537 str-

125 576 177 630 rsrli
187 596 196 640 ,·
211 585 233 629 ct
252 576 370 628 mucimus
385 583 420 627 est
435 576 460 627 in
479 592 518 628 mc
536 576 639 645 spiritus
651 593 731 641 meus,
749 577 774 628 in
795 592 834 629 ote
854 586 910 628 tur·

124 672 210 721 botrrm
225 675 262 719 cst
276 681 318 720 cor
336 682 427 722 ancum.
450 667 548 718 lleoror
563 667 600 736 sui
624 668 721 721 dicrum
737 668 910 736 critiquorum.

125 757 265 809 Collocavit
279 756 416 823 cleponis
431 757 579 827 significat,
596 773 671 811 more
695 758 836 811 torrentium
860 755 911 809 ini-

126 848 277 909 micorum,
299 846 344 913 utri
365 846 404 899 sic
419 843 555 899 bominem
580 855 755 901 contemnunt
769 846 911 910 odiosum,

125 937 203 1006 qtrasi
216 936 269 998 iarn
281 934 399 1004 judicent
412 947 438 989 et
449 936 593 1004 sepultum.
608 935 641 990 lu
654 936 766 990 obscuris
782 936 851 988 enirn
869 951 912 988 re·

125 1044 187 1082 veru
203 1028 342 1082 collocatus
355 1038 405 1089 sat,
422 1030 465 1096 qni
480 1037 539 1096 post
561 1029 634 1099 regni
650 1028 767 1081 eulmina
783 1042 912 1096 persecu·

127 1118 209 1172 rionis
225 1118 375 1186 patiebatur
399 1116 537 1186 injuram.
554 1119 586 1171 Et
604 1119 668 1171 sicut
693 1128 809 1169 mortuus
825 1115 915 1169 smcrrli

128 1209 235 1264 babitus
247 1217 298 1276 est,
315 1208 340 1262 io
355 1224 407 1278 otto
423 1224 473 1262 nec
489 1210 665 1278 prophetalis,
679 1226 728 1264 noc
747 1211 821 1279 regni
837 1226 916 1265 rese,-

127 1300 221 1364 reotia,
236 1313 284 1353 nec
299 1297 357 1366 ipse
371 1313 478 1368 quoqne
492 1311 620 1368 paternus
635 1299 857 1354 considerabatur
873 1302 912 1353 ai-

128 1389 221 1443 lertns.
234 1386 329 1443 Mortui
344 1387 415 1462 enim
427 1387 519 1442 saccinti
535 1395 607 1452 sont,
625 1389 669 1455 nuri
686 1389 710 1442 in
726 1390 842 1457 peccatis
857 1391 913 1443 suis

126 1479 257 1533 defecisse
283 1487 440 1531 noscuntur.
458 1475 490 1530 Et
508 1476 568 1532 ideo
583 1479 623 1531 vir
642 1488 680 1532 tot
696 1479 827 1534 bonorum
840 1477 914 1549 juste

127 1586 157 1624 se
173 1571 255 1624 ‹liebet
270 1573 307 1621 sic
330 1569 411 1622 luisse
435 1566 605 1634 despectant,
628 1578 656 1621 ιιι
671 1569 826 1623 crederetur
853 1571 914 1621 nrd·

962 411 1030 458 surm,
1048 397 1117 448 verrit
1139 392 1172 446 ad
1197 392 1419 446 lmtnmissimnm
1438 395 1638 459 narrationem,
1655 407 1750 461 potens

962 489 1011 543 sibi
1038 486 1122 540 imbre
1148 483 1339 538 misericordiae
1363 484 1503 537 celerrime
1533 484 1692 546 subreniri,
1715 501 1750 538 ne

962 587 1067 646 spretos
1081 592 1094 628 a
1108 577 1220 630 Dourino
1235 575 1401 642 redigeretur
1416 575 1442 627 in
1457 574 1611 639 puluerem,
1626 585 1653 629 et
1669 589 1750 630 uerno

963 668 1095 736 superbiae
1105 667 1286 733 dissipatusa
1301 673 1372 718 terra
1388 663 1577 730 promissionis
1587 665 1750 719 recideretur

962 761 1077 812 atnnns.
1095 757 1127 809 Et
1139 766 1167 809 nt
1180 756 1297 810 velocius
1309 755 1440 823 potuisset
1455 755 1553 815 audiri,
1569 756 1693 823 defecisse
1710 757 1751 810 di·

963 849 998 902 eit
1015 851 1041 902 iu
1053 863 1082 902 se
1093 849 1211 914 spiritum
1225 862 1312 900 surim.
1329 845 1404 911 Qtrod
1424 860 1470 913 per
1488 845 1583 900 oirrrias
1599 846 1751 899 tribulatio·

965 955 1012 994 nes
1025 939 1093 993 solet
1113 938 1270 1006 contingere
1286 937 1327 990 bis
1339 937 1383 1005 otri
1406 938 1559 1004 passionom
1581 937 1750 992 diuersarum

965 1030 1083 1100 pondere
1097 1037 1305 1098 progesserunt,
1321 1028 1389 1081 sicut
1401 1037 1428 1080 et
1442 1027 1468 1080 in
1487 1027 1625 1096 trigesimo
1635 1029 1752 1095 septimo

966 1123 1067 1192 psalmo
1083 1120 1152 1175 idem
1167 1120 1297 1186 petrinos
1308 1119 1372 1172 dcis
1388 1137 1394 1170 :
1408 1117 1458 1172 Cor
1474 1133 1557 1171 meum
1572 1118 1752 1180 conturbatum

965 1221 1002 1265 est
1012 1213 1037 1263 irr
1052 1226 1101 1273 mc,
1117 1221 1140 1263 et
1156 1208 1266 1264 descruit
1280 1225 1318 1262 mc
1331 1208 1455 1278 fortitudo
1468 1225 1525 1262 ruso
1541 1207 1630 1277 (Psoi.
1649 1225 1750 1272 sssrtt,

968 1300 1022 1368 tt).
1036 1302 1172 1368 Sounion,
1189 1300 1228 1352 Ne
1242 1310 1341 1354 asertor
1355 1301 1446 1369 sociem
1461 1310 1530 1352 tuum
1544 1317 1560 1352 a
1574 1317 1631 1365 mc;
1643 1292 1668 1354 ct
1681 1303 1754 1354 dmi·

966 1393 998 1445 lis
1012 1408 1054 1446 cro
1066 1391 1273 1444 descendentibus
1288 1393 1314 1443 is
1327 1391 1423 1446 locum.
1448 1394 1591 1446 auerterat
1613 1391 1688 1459 prius
1711 1392 1751 1444 la·

966 1485 1034 1536 ciem
1050 1496 1124 1534 stram
1141 1482 1211 1534 bens
1236 1489 1343 1550 propter
1366 1480 1535 1534 insolentiam
1553 1488 1750 1549 peecatorum,

967 1573 1013 1627 sod
1029 1587 1098 1626 rrrrttc
1112 1573 1178 1640 petit
1191 1580 1220 1624 ot
1233 1571 1266 1623 ad
1289 1571 1375 1638 ipsum
1391 1569 1536 1638 respiciat,
1556 1571 1620 1639 quia
1635 1584 1665 1625 se
1679 1585 1754 1624 com·

128 1662 233 1714 internos
247 1658 431 1713 vindicandus.
450 1657 587 1725 Sequitur,
605 1656 637 1711 Et
651 1659 769 1714 cosmatus
782 1668 819 1712 cst
834 1659 860 1710 iu
874 1673 914 1710 mr
932 1655 953 1715 B
969 1662 1072 1732 prructis
1096 1660 1337 1729 supplicationibus
1360 1660 1516 1714 inclinabat.
1532 1659 1666 1714 conr-mit
1686 1661 1755 1714 enim

128 1752 233 1819 spiitus
247 1767 334 1815 ructes,
352 1750 378 1803 in
393 1765 433 1802 mc
446 1749 575 1802 turbatum
595 1760 631 1803 est
644 1765 689 1802 cor
701 1766 793 1803 mcum.
815 1749 913 1803 Anxius
968 1753 1157 1808 misericordiae
1171 1753 1254 1820 ipsius
1269 1761 1298 1806 nt
1314 1753 1426 1808 irrrmiles
1449 1754 1587 1821 respiciat,
1600 1753 1645 1823 qul
1661 1768 1755 1822 super·

129 1844 203 1910 rpirit
224 1842 413 1895 ssiciuitatem
437 1840 548 1907 periculi
571 1839 675 1910 prodit;
696 1841 826 1894 turbatum
848 1857 912 1909 ror,
969 1840 1062 1896 borum
1078 1840 1161 1896 corda
1176 1841 1336 1895 contemnit.
1355 1840 1453 1895 lacum
1468 1855 1534 1897 tero
1549 1841 1707 1899 interiorem
1722 1842 1756 1898 ln·

133 1931 276 1984 humanam
300 1929 458 2000 sapientiam
484 1938 597 1984 testatur
621 1945 681 1985 esse
704 1930 859 1995 contusam
887 1938 916 1983 ut
967 1948 1027 1988 com
1043 1933 1193 2002 intelligere
1214 1933 1343 1988 debemus
1368 1932 1483 1999 inleroi,
1505 1933 1548 1988 obi
1566 1934 1640 2003 impii
1658 1944 1758 1990 eeteros

131 2039 206 2088 spem
222 2038 297 2076 snam
312 2023 427 2093 amplius
450 2023 476 2075 in
491 2022 603 2077 Domino
619 2031 778 2091 reponeret,
801 2037 861 2075 cnm
876 2023 917 2076 ui·
969 2037 1046 2092 pceoa
1060 2024 1197 2092 mergendi
1211 2029 1283 2077 sunt.
1300 2022 1347 2077 llis
1369 2038 1432 2093 ergo
1454 2038 1531 2092 paros
1547 2033 1611 2078 snm
1623 2022 1671 2093 qui
1686 2023 1757 2078 diri·

130 2113 198 2167 rinm
224 2129 254 2164 sn
266 2127 332 2166 :rum
356 2111 547 2165 conbdeot'am
572 2127 625 2164 non
647 2110 767 2165 baberet.
783 2109 914 2177 Addidit,
970 2130 1030 2168 narn
1045 2113 1189 2182 pernoctans
1208 2123 1376 2180 respuerunt,
1394 2123 1421 2167 et
1435 2113 1563 2168 vitiantes
1577 2113 1651 2168 iliam
1668 2114 1757 2184 imagi·

131 2203 229 2256 ilcmor
244 2203 282 2271 [ui
295 2203 394 2255 dierum
409 2203 580 2272 antiquorum,
599 2201 675 2257 inste
693 2215 740 2255 cor
758 2200 815 2269 ejos
830 2200 917 2256 luerat
970 2221 1029 2259 nem
1045 2205 1070 2258 in
1087 2219 1138 2273 qrra
1152 2206 1234 2257 creati
1250 2211 1334 2267 sunt,
1352 2203 1436 2257 lorma
1451 2203 1591 2258 diabolica
1611 2202 1757 2258 damnatio

131 2293 283 2355 turbatum,
298 2289 427 2359 qnoniam
440 2305 543 2346 tuernor
557 2301 614 2345 erat
628 2288 777 2362 lingentium
793 2302 917 2362 peccato·
970 2298 1011 2351 nis
1026 2295 1112 2351 induti
1127 2305 1199 2349 sunt.
1213 2295 1284 2350 Bene
1298 2305 1388 2348 antem
1402 2295 1567 2358 dictumest,
1585 2293 1760 2350 descendenti·

132 2397 201 2435 rmn.
223 2380 275 2450 ipsi
290 2389 355 2435 suot
369 2381 440 2435 enlm
455 2380 556 2448 antiqui
571 2380 649 2444 dies,
666 2381 764 2434 ueteris
783 2382 854 2434 illins
869 2382 917 2434 bo·
970 2389 1165 2457 Quoniam
1179 2387 1277 2439 adimes
1292 2387 1500 2456 merguntupqut
1514 2387 1576 2440 titur·
1588 2386 1690 2441 ῑῃιηη
1704 2401 1760 2441 me.

132 2471 503 2538 rrrtrrisamiqoitnteinserti.
520 2472 665 2526 Natnsicttt
682 2470 724 2525 bic
740 2470 918 2539 novitaspro·
970 2481 1108 2536 rebamur,
1130 2478 1202 2533 Petis
1225 2492 1289 2547 ergo
1313 2492 1347 2531 ne
1370 2477 1493 2546 §tipetbis
1510 2477 1607 2532 similis
1631 2477 1693 2545 bat,
1714 2477 1756 2548 qui

132 2563 173 2616 dit
197 2563 377 2615 innocentiam
405 2563 483 2629 ritae,
504 2561 544 2615 sie
564 2561 710 2633 antiquitus
724 2563 824 2618 scelera
850 2562 917 2615 lacta

133 2661 254 2706 te-tntnr.

170 2744 246 2797 l'ers.
265 2743 293 2798 d.
317 2742 350 2798 dr
372 2744 507 2796 meditatus
530 2759 587 2795 suot
611 2742 637 2794 in
661 2743 777 2796 ominibus
803 2740 919 2804 operibus

89 2863 91 2866 .
134 2837 195 2896 tuis,
210 2847 232 2887 et
244 2834 270 2887 in
278 2833 354 2903 [actis
365 2849 485 2887 mcunrtm
496 2841 597 2887 tuorum
612 2833 763 2887 meditabar.
779 2831 815 2886 bd
827 2844 918 2887 euram

133 2924 213 2977 rediit
233 2925 358 2980 salutaris
370 2927 487 2994 agnitio,
504 2933 635 2995 qrratenos
657 2940 718 2979 cunr
733 2924 822 2979 divina
838 2937 917 2992 opera

133 3016 281 3078 recoleret,
298 3031 478 3071 (erumnarum
497 3032 607 3071 suarum
623 3016 779 3069 memoriam
798 3030 850 3068 oon
870 3015 955 3089 lto-c

133 3107 217 3161 beret.
230 3107 317 3176 Opera
335 3108 406 3161 enim
424 3108 529 3161 Domini
545 3106 621 3169 dicit,
637 3107 733 3175 quibos
753 3106 849 3160 ecelnm
865 3114 917 3160 ter·

133 3217 243 3269 rarisque
258 3199 373 3255 suirbia
383 3199 561 3268 dispositione
588 3198 724 3263 laudarit,
747 3196 844 3267 qrribus
858 3213 916 3249 ‹um

133 3291 296 3356 patriarchis
312 3290 380 3344 bona
404 3291 488 3354 iecit,
510 3289 607 3358 qrribus
629 3289 755 3356 populum
778 3302 825 3356 per
846 3301 918 3342 mare

134 3382 270 3436 transtulit
292 3380 483 3445 llebrmorum;
499 3394 559 3449 qrrae
574 3377 679 3433 sedicit
700 3377 853 3444 lreoneoter
867 3377 917 3431 ite-

136 3488 222 3536 rosse,
237 3481 265 3527 ot
275 3470 478 3525 amaritudinem
491 3469 582 3524 mnndi
593 3468 870 3524 strauitasexelnderet
880 3467 919 3522 le-

133 3565 238 3617 ctionis.
255 3563 331 3630 erod
346 3563 496 3630 exemplum
520 3577 568 3630 pro
591 3559 709 3616 marimo
731 3561 850 3615 remedio
872 3575 919 3630 po-

134 3669 146 3706 s
159 3663 213 3705 tnm
228 3651 358 3705 debemus
371 3652 503 3719 accipere,
521 3660 548 3704 nt
561 3665 610 3704 oos
625 3666 731 3721 qnoque
746 3648 839 3704 similis
857 3664 918 3720 pos·

134 3745 168 3794 sit
185 3741 315 3796 medicina
330 3741 443 3795 saliare.

170 3833 245 3886 l'ers.
260 3831 285 3885 6.
312 3830 432 3899 Expandi
455 3849 545 3887 arrosus
569 3847 638 3884 meus
653 3833 686 3883 ud
701 3842 741 3897 tc,'
757 3834 842 3885 enimc
864 3850 919 3885 orco

132 3925 199 3976 sicut
213 3931 280 3975 terrcr
301 3924 355 3976 siue
367 3940 433 3994 cuttu
446 3924 501 3979 tibi.
525 3923 599 3978 Licet
613 3923 762 3978 innumeris
778 3925 842 3978 locis
858 3940 919 3993 pro·

135 4015 284 4082 ptrctarerit
302 4015 407 4069 Domini
431 4015 577 4071 Salvatoris
601 4015 762 4079 adrentum,
780 4017 917 4070 bisetium

133 4105 292 4160 extensione
317 4119 442 4159 mannum
464 4115 564 4159 sanetae
584 4109 671 4159 crucis
693 4106 918 4174 designauitelti-

131 4197 211 4258 gieio.
229 4194 294 4248 Nam
306 4195 350 4263 qui
363 4195 487 4262 expansis
503 4195 624 4248 manibus
639 4206 709 4260 orat,
724 4196 796 4249 illam
810 4212 917 4251 crucem

131 4283 320 4352 lit-dompmris
344 4284 482 4349 imitator,
501 4299 560 4353 quse
583 4286 674 4341 liceta
695 4287 804 4354 perttdts
819 4286 917 4342 irrisis

970 2579 1077 2640 peccata
1094 2584 1140 2623 sna
1156 2567 1251 2621 bumili
1264 2564 1450 2621 satisfactione
1464 2565 1596 2636 deplorat.

1006 2706 1082 2760 Vers.
1105 2706 1133 2761 8.
1159 2704 1281 2758 Auditum
1306 2703 1348 2771 icc
1370 2701 1434 2756 milti
1461 2716 1535 2754 morse
1558 2701 1759 2754 miscricordiam

971 2808 1052 2859 tucos,
1067 2798 1127 2866 quio
1141 2797 1166 2849 iu
1181 2807 1204 2850 ts
1219 2796 1328 2865 spercoi.
1344 2794 1465 2847 Auditum
1480 2793 1696 2858 misericordiam,
1707 2792 1759 2848 cle·

971 2891 1096 2944 mantiam
1123 2888 1186 2943 dicit
1213 2885 1319 2941 Domini
1334 2895 1390 2941 toto
1409 2884 1476 2939 orbe
1498 2884 1688 2948 arctissimam,
1708 2899 1757 2951 quta

970 2978 1181 3048 supplicantibus
1195 2984 1312 3046 prestat,
1328 2975 1449 3045 indulget
1472 2973 1593 3036 sillictis;
1611 2983 1640 3027 et
1659 2974 1757 3040 etipse

970 3071 1060 3125 audiat
1075 3070 1146 3139 quod
1169 3070 1195 3123 io
1211 3067 1354 3138 Evangelio
1369 3067 1524 3121 dictumest
1547 3082 1554 3119 ε
1571 3063 1637 3128 Fili,
1654 3063 1759 3115 discissa

969 3173 1026 3216 sum
1048 3162 1092 3214 tibi
1110 3171 1213 3231 peccato
1227 3159 1323 3227 (ilorc.
1337 3174 1367 3222 ιι,
1385 3158 1424 3226 5).
1451 3155 1528 3210 Mosa
1551 3165 1657 3225 tempus
1670 3155 1756 3209 uenite

970 3252 1087 3319 designa:
1099 3268 1107 3317 ;
1121 3262 1183 3304 turm
1198 3251 1269 3303 ocrim
1285 3250 1366 3303 menti
1382 3249 1518 3312 elucescit,
1532 3247 1640 3315 qnando
1652 3246 1684 3300 ad
1700 3261 1758 3300 eam

970 3340 1039 3395 lolici
1060 3348 1135 3393 sorte
1160 3337 1321 3405 peruenerit.
1339 3336 1404 3391 Nam
1425 3346 1484 3404 post
1504 3347 1611 3391 noctem
1635 3344 1746 3406 peceato

970 3448 1048 3496 rrrm,
1065 3431 1160 3486 nterito
1183 3446 1258 3483 mooe
1283 3429 1397 3493 dicitnr,
1413 3430 1519 3498 qtrnodo
1538 3429 1616 3495 culpa
1645 3427 1758 3481 laxatur.

971 3523 1031 3578 Sive
1043 3522 1075 3576 ad
1091 3521 1312 3576 resurrectionem
1325 3520 1439 3587 pertinet
1452 3518 1612 3572 audiendam
1625 3560 1633 3583 ,
1649 3516 1758 3585 qnando

969 3615 1080 3684 angelos
1104 3613 1193 3667 blaciae
1216 3611 1284 3665 dixit
1299 3628 1306 3664 :
1323 3609 1377 3675 lte,
1393 3610 1469 3663 dicite
1494 3609 1631 3676 discipulis
1656 3609 1713 3677 ejus
1736 3616 1758 3661 ct

970 3702 1048 3757 Petro
1069 3702 1235 3772 :quoniunt,
1258 3706 1322 3754 sicut
1347 3700 1433 3766 dicit,
1456 3698 1594 3751 resurrexit
1618 3713 1634 3749 ιι
1654 3695 1759 3748 orortnis

969 3793 1065 3864 (idern,
1082 3808 1137 3857 xrs,
1154 3792 1194 3859 l).
1211 3789 1296 3846 Causa
1312 3804 1418 3859 quoqne
1436 3788 1557 3856 sequitur
1579 3801 1640 3856 que
1661 3785 1759 3840 debcst

968 3886 1098 3948 obtinere,
1114 3884 1219 3954 qrraodo
1235 3895 1296 3950 spes
1310 3883 1336 3937 io
1357 3881 1431 3934 illurn
1447 3880 1494 3932 init
1507 3917 1515 3942 ,
1530 3877 1675 3947 quinescit
1691 3891 1753 3943 pro·

969 3979 1093 4032 babiiiter
1107 3980 1134 4030 io
1149 3990 1178 4030 so
1197 3974 1321 4043 decipere
1335 3972 1511 4028 conlidentes.
1527 3969 1560 4022 Ει
1575 3969 1680 4022 intuere
1696 3967 1755 4035 qnia

969 4078 994 4124 et
1009 4069 1074 4121 alias
1084 4067 1228 4136 petitiones
1238 4079 1301 4118 suos
1314 4064 1340 4118 io
1356 4049 1584 4128 conserpentibus
1597 4060 1643 4112 tali
1657 4061 1760 4111 ratione

968 4157 1119 4213 confirmat.
1134 4156 1197 4221 Qus
1213 4154 1295 4224 ligura
1309 4151 1406 4207 dicitur
1418 4149 1560 4219 aeriotogta,
1576 4147 1603 4202 id
1617 4158 1661 4202 est
1671 4160 1757 4201 causae

969 4246 1093 4301 redditio.

132 4393 179 4443 pro
194 4391 271 4445 poena
287 4376 347 4429 data
363 4384 420 4439 est,
436 4391 561 4431 consessa
578 4389 664 4433 tamen
686 4386 727 4432 est
746 4370 956 4445 credintibnsn
1004 4384 1079 4438 Ver-s,
1093 4384 1119 4438 9,
1134 4383 1228 4436 Notum
1245 4386 1285 4450 soc
1298 4379 1359 4433 milti
1369 4381 1434 4432 oium
1445 4379 1472 4431 irs
1482 4378 1681 4447 ortoornbrdem,
1697 4377 1755 4444 quir

130 4470 163 4517 mi
179 4467 303 4520 salntem.
328 4464 374 4520 Sic
387 4475 412 4519 et
428 4467 550 4536 bloyses,
568 4468 673 4536 omnnio
688 4483 747 4521 cnm
762 4468 918 4522 brnnlocitis

133 4555 275 4622 prrrgoabat,
286 4555 377 4608 ellecit
393 4555 536 4611 :nirtcebst
548 4572 609 4610 enm
629 4571 723 4610 mantis
737 4557 916 4625 expanderet,

132 4646 260 4711 perdebat
273 4646 295 4700 si
311 4647 416 4700 bracbia
438 4648 585 4702 remisisset
604 4645 701 4717 (lieod.
722 4662 783 4713 ιιι,
799 4649 853 4717 ll).
869 4647 917 4702 Se-

130 4739 222 4804 quitur
242 4741 423 4807 comparatio,
447 4741 544 4809 inqua
565 4727 633 4796 dicit.
649 4742 688 4795 s'e
703 4742 817 4795 unimam
841 4758 916 4797 susm

134 4829 287 4885 desidernre
307 4830 407 4895 lletrm,
425 4832 646 4897 quaemadmodum
667 4833 735 4886 solet
754 4835 824 4888 sicca
846 4846 916 4889 tetra

130 4922 251 4986 copiosos
268 4922 370 4989 plosias
383 4923 524 4976 sustinere.
537 4921 601 4976 'lale
617 4932 701 4977 estet
721 4924 786 4979 illud
801 4926 916 4994 quadra·

130 5012 221 5079 pssimi
237 5010 318 5082 {482
334 5014 412 5078 primi
432 5013 527 5081 psalmi
540 5015 643 5068 initium
664 5033 671 5068 ε
689 5016 761 5072 Sicut
773 5031 860 5070 ceruus
871 5016 916 5070 dc·

128 5100 224 5153 ridcrct
243 5101 277 5152 sd
297 5102 379 5167 fornes
400 5117 544 5169 equorum,
566 5103 603 5156 ito
617 5103 745 5157 desideret
759 5106 846 5157 ouium
862 5120 916 5157 mec

128 5188 163 5241 ud
185 5199 218 5254 te,
237 5188 304 5241 Deus
317 5184 402 5257 (ert.
419 5203 474 5254 xer,
488 5189 527 5260 Q),
544 5191 650 5248 lntuere
669 5194 739 5262 qttotl
755 5195 831 5258 dixit,
848 5196 913 5260 tibi,

128 5293 180 5331 nnn
198 5278 290 5343 alteri,
306 5293 339 5333 ne
354 5279 424 5334 istud
446 5279 610 5336 desiderium
634 5282 712 5335 malis
733 5283 912 5338 uoluntatibus

127 5371 286 5438 applicasse.

165 5461 238 5515 i'srs.
256 5461 282 5514 7.
300 5460 425 5515 Velociter
437 5464 530 5516 excudi
546 5480 595 5524 roc,
613 5463 718 5518 Dorrrine
731 5481 740 5517 :
754 5467 845 5534 deicit
858 5468 912 5537 spi·

128 5550 190 5606 ritus
210 5569 293 5608 rrtrus.
312 5552 352 5610 Ns
370 5565 469 5610 sucrtcs
486 5555 575 5624 taciem
595 5567 663 5609 tuorn
679 5574 694 5611 o
710 5574 765 5623 mc,·
781 5570 804 5613 ct
819 5561 910 5613 sintilis

969 4476 1004 4529 od
1015 4487 1047 4540 ts,
1062 4474 1178 4535 Domine,
1193 4473 1271 4527 lcuuoi
1281 4473 1392 4525 unimam
1406 4486 1496 4524 orcum.
1511 4470 1577 4522 Com
1593 4484 1607 4520 a
1624 4469 1681 4523 oso
1694 4470 1757 4536 petit

970 4578 1055 4620 sotum
1070 4567 1119 4620 sibi
1135 4566 1190 4632 ficri
1210 4566 1270 4618 ritae
1284 4566 1359 4627 oium,
1374 4561 1488 4616 ostendit
1502 4562 1631 4629 quioniam
1646 4560 1703 4613 bac
1715 4560 1754 4611 ria

969 4657 1121 4712 bominibus
1134 4656 1246 4709 babetur
1256 4654 1399 4721 incognita.
1411 4651 1483 4704 ΙΙΙ-ιιι
1495 4651 1567 4706 errirn
1580 4649 1691 4704 lucerna
1704 4650 1753 4703 boc

969 4750 1020 4803 iter
1033 4747 1165 4812 ostendit,
1181 4747 1250 4800 illios
1272 4746 1360 4799 lumen
1387 4743 1496 4798 semitas
1523 4742 1590 4797 istos
1610 4743 1698 4809 aperit
1714 4740 1756 4808 qui

968 4839 1097 4893 illrcrrtinct
1111 4851 1209 4889 omnem
1220 4835 1348 4887 bominem
1360 4833 1498 4886 octricrttcur
1509 4831 1537 4884 itt
1548 4829 1619 4884 bunc
1633 4835 1753 4883 mandam

968 4927 1055 4995 (loun.
1072 4943 1091 4986 r,
1104 4926 1150 4993 ll);
1165 4925 1233 4978 sicut
1246 4935 1272 4975 et
1287 4923 1313 4976 io
1330 4923 1464 4990 trigesimo
1478 4922 1566 4989 primo
1581 4923 1687 4988 psalmo
1698 4919 1750 4989 jam

967 5014 1067 5069 dictum
1090 5025 1131 5068 est
1145 5014 1282 5082 poeoitenti
1299 5030 1306 5066 :
1323 5010 1483 5066 intellectum
1506 5011 1551 5064 risi
1568 5012 1654 5076 doio,
1676 5023 1698 5064 rt
1715 5020 1752 5063 ts·

967 5119 1062 5161 struem
1085 5117 1108 5158 te
1127 5105 1154 5157 io
1173 5105 1213 5156 ric
1229 5103 1277 5156 boc
1297 5119 1349 5171 quo
1362 5102 1486 5172 prodieris
1502 5100 1597 5173 (Psoi.
1618 5117 1698 5166 sur,
1711 5101 1749 5170 8).

968 5198 1133 5264 Quapropter
1156 5194 1252 5248 merito
1275 5202 1350 5263 rogat
1375 5193 1503 5260 propbeta
1525 5200 1555 5245 ιιι
1577 5192 1604 5247 ei
1630 5194 1749 5245 ltomimrs

969 5289 1038 5339 riam
1052 5285 1149 5339 salonis
1163 5283 1303 5345 ostendat,
1322 5291 1349 5336 ct
1363 5284 1401 5335 sio
1414 5297 1522 5350 semper
1536 5293 1629 5336 notam
1649 5286 1747 5344 irrrlreat,

968 5392 1001 5430 ue
1018 5374 1127 5442 deeius
1149 5374 1230 5426 eorde
1254 5374 1397 5440 aliquando
1416 5363 1553 5427 discedat.
1582 5374 1748 5442 subjungitur

967 5481 1072 5535 ortoque
1086 5466 1216 5520 solemnis
1230 5465 1274 5519 illa
1294 5464 1428 5519 eotrkssio
1445 5483 1451 5518 :
1475 5465 1605 5533 ursoniam
1628 5465 1691 5520 iliud
1706 5474 1747 5515 uos

969 5557 1097 5626 postulata
1114 5557 1210 5611 mereri
1231 5556 1303 5622 iacit,
1319 5556 1342 5612 si
1355 5558 1472 5610 animum
1493 5565 1614 5612 nostram
1629 5572 1680 5612 uos
1695 5565 1745 5608 tar·
