3794 6128
140 275 205 328 titii

133 486 206 556 graui
217 482 361 537 afflictione
375 480 502 547 contrita,
517 479 592 551 quasi
608 479 723 550 quadum
740 478 824 534 fascia
838 481 926 549 pieta·

132 577 168 629 tis
186 589 241 628 suae
254 571 413 641 superducta
427 572 588 641 constringit
609 581 690 640 atque
712 570 874 641 consolidat,
897 579 925 626 et

131 667 165 720 ad
186 664 366 721 firmissimam
380 677 455 734 spem
475 664 596 719 sanitatis
611 662 738 732 adducit,
766 663 836 718 sicut
856 663 925 718 etin

131 754 352 826 quinquagesimo
366 755 469 824 psalmo
481 753 582 809 dictum
596 761 636 808 est
653 769 660 808 :
682 751 732 808 Cor
754 752 890 807 contritum
902 761 926 808 rt

131 850 294 902 nrrruiiiutusn
309 846 379 903 Deus
397 864 451 902 uon
463 847 558 914 spernit
580 845 669 919 (Psoi.
684 863 709 909 r..
733 845 790 915 ts).
815 843 881 900 Nam
898 854 926 901 et

133 944 178 998 ilie
193 942 350 1012 publicanus
365 941 410 1011 qui
425 953 518 1011 000100
538 955 616 996 suurn
632 939 738 994 assidua
754 937 926 1007 percussione

132 1033 259 1088 tundebat
271 1032 347 1105 (Luc.
364 1047 440 1101 turn,
457 1031 517 1099 tet,
542 1032 628 1101 ipsam
648 1031 676 1085 in
691 1046 720 1087 se
734 1030 924 1086 contritionem

133 1126 258 1191 probatus
272 1132 313 1179 est
326 1121 459 1190 elicuisse,
475 1137 555 1193 quarn
571 1138 619 1178 reo
632 1123 733 1193 pectori
749 1136 802 1176 nno
820 1122 925 1178 desine

131 1219 177 1272 bnt
189 1216 323 1286 ingerere.

168 1307 244 1363 Veis.
259 1309 285 1362 1.
307 1306 358 1372 Qut
380 1312 496 1360 nunterut
522 1302 713 1357 multitudinem
734 1302 877 1369 stellarum,
901 1308 924 1356 et

131 1415 216 1455 untnes
240 1399 340 1453 nomine
361 1414 408 1452 suo
422 1406 505 1451 uocat.
529 1395 585 1452 Sed
606 1397 728 1466 quamuis
746 1405 775 1450 et
797 1395 867 1450 istud
890 1395 924 1449 ad

132 1491 246 1546 litterum
270 1488 374 1545 [1001101
395 1489 543 1559 potentiam
567 1488 690 1542 uideatur
711 1486 866 1553 ostendere,
896 1493 925 1540 01

132 1582 208 1637 nobis
222 1579 435 1636 innumerabiles
449 1578 541 1634 stellas
557 1577 694 1633 Divinitati
708 1576 782 1632 dicat
796 1591 856 1632 esse
875 1593 925 1631 00-

131 1673 284 1739 rnersbiles,
301 1687 448 1744 earumque
460 1672 567 1727 nomina
579 1671 696 1742 propriis
706 1671 844 1727 vocabulis
857 1688 925 1726 trun·

681 297 683 301 ·
751 273 785 328 tt.
806 272 943 330 atitttttt
962 272 1161 331 cassiottttttt

43 449 49 460 ,
135 394 247 448 iescant.
278 393 322 447 Sic
344 390 462 446 coelestis
486 389 606 443 medicus
632 387 817 457 poenitentium
841 386 1697 463 00001οΑ1001001001000000000000,0000001000010011
1715 411 1778 451 esse

1706 278 1778 338 tito

978 482 1170 552 cognoscitur?
1184 483 1248 537 Nam
1264 484 1286 537 si
1300 486 1434 540 numerari
1448 494 1550 556 posset,
1560 484 1617 556 jam
1629 487 1774 543 uideretur

977 589 1038 630 esse
1052 576 1102 630 sub
1117 590 1238 631 0000000.
1258 576 1334 643 0001
1353 577 1377 633 si
1401 592 1452 633 uec
1473 577 1531 647 ipse
1545 593 1675 634 numerus
1700 589 1777 637 totus

977 681 992 719 a
1007 666 1085 721 nohis
1099 675 1188 737 potest
1200 667 1274 735 sciri,
1291 668 1435 737 quomodo,
1450 681 1501 741 qua
1515 669 1620 726 ratione
1640 671 1774 740 praemiet

978 754 1066 809 divina
1081 757 1213 826 sapientia
1228 757 1442 823 comprehendii
1469 759 1606 815 creaturis
1621 763 1695 816 enim
1719 762 1778 817 suis

978 847 1222 918 incomparabiliter
1237 850 1504 919 potiorestcreator,
1520 861 1549 907 et
1563 851 1623 906 ideo
1638 853 1773 909 ueraciter

977 938 1132 995 dictumest
1146 958 1152 993 :
1169 941 1310 1012 Sapientioe
1320 943 1376 1013 ejus
1389 957 1440 996 non
1453 951 1491 997 est
1505 959 1639 997 numerus.
1657 943 1724 999 Nam
1739 945 1774 1000 de

978 1028 1020 1084 his
1033 1044 1093 1101 000
1112 1031 1225 1097 creauit,
1245 1032 1359 1100 Sapiens
1374 1032 1437 1086 dicit
1460 1049 1467 1087 :
1492 1033 1585 1088 omniu
1599 1034 1628 1087 in
1641 1044 1775 1104 mensuro,

977 1134 1082 1173 numero
1095 1129 1118 1174 et
1130 1121 1241 1189 pondere
1258 1120 1338 1174 ileum
1349 1120 1439 1189 iecisse
1449 1120 1527 1193 (Sap.
1542 1139 1581 1186 xr,
1597 1122 1656 1194 st).

1012 1209 1088 1266 iers.
1105 1213 1131 1268 6.
1153 1212 1301 1282 suscipiens
1315 1224 1460 1268 mansuetos
1476 1214 1612 1283 dontinus,
1628 1217 1770 1273 buntiiiens

976 1311 1062 1357 autent
1073 1314 1216 1371 peccatores
1231 1303 1355 1375 usquead
1366 1314 1470 1359 terrum.
1486 1305 1616 1361 hiansueti
1628 1317 1693 1362 sunt
1703 1325 1775 1379 quos

976 1393 1099 1464 superius
1125 1394 1194 1449 dixit
1219 1394 1390 1450 tribulatione
1410 1396 1541 1451 contritos
1564 1406 1592 1451 et
1613 1396 1772 1455 afflictionis

976 1487 1169 1543 cousuetudine
1184 1486 1325 1557 patientes.
1351 1488 1385 1543 Et
1398 1487 1505 1543 intuere
1519 1503 1598 1558 quam
1620 1489 1774 1559 pulcherri-

977 1595 1021 1635 rna
1034 1581 1069 1636 sit
1080 1579 1151 1634 iacta
1165 1578 1321 1636 diuersitas.
1334 1578 1468 1635 llansueti
1482 1579 1665 1649 suscipiuntur
1679 1581 1707 1637 in
1721 1597 1775 1640 010

976 1670 1042 1737 lun,
1059 1669 1168 1740 superbi
1181 1668 1344 1739 dejiciuntur
1358 1670 1387 1724 10
1403 1679 1520 1736 terrant,
1536 1680 1566 1725 ut
1577 1685 1627 1741 per
1644 1673 1773 1727 mutatio·

130 1765 242 1835 cupari,
268 1764 394 1834 quoniam
415 1760 453 1819 illi
469 1762 559 1818 ornnia
581 1761 834 1832 comprehensibilia
848 1773 923 1828 sunt,
940 1767 962 1824 11
976 1777 1037 1817 nem
1054 1761 1181 1816 vicariam
1194 1760 1265 1816 unde
1278 1760 1387 1815 humilis
1398 1762 1502 1816 leuatus
1513 1771 1565 1828 est,
1582 1761 1618 1816 ibi
1638 1763 1773 1832 superbus

130 1856 173 1912 cui
187 1869 269 1912 arena
284 1854 378 1922 maris,
401 1862 428 1910 et
440 1863 522 1923 guttae
536 1853 699 1924 pluviarum,
723 1862 751 1908 et
770 1853 858 1924 capilli
874 1853 924 1909 ho-

130 1946 232 2002 minurn
245 1945 405 2002 dinumerati
420 1959 481 2001 esse
496 1952 644 2000 noscuntur
659 1960 667 2000 ε
683 1959 746 1999 narn
766 1959 828 1999 cum
848 1943 924 2013 dicit,

131 2038 233 2094 nomine
244 2053 301 2103 ruo,
318 2037 469 2107 astrologos
483 2037 581 2107 arguit,
608 2036 653 2106 qui
668 2050 715 2092 eas
730 2047 825 2092 uocant
839 2037 925 2092 nomi·

130 2133 208 2187 nibus
222 2132 328 2200 alienis,
352 2139 381 2186 ut
396 2131 520 2200 Veneris,
545 2130 681 2197 llercurii,
704 2129 790 2200 iouis,
816 2130 921 2196 liertis.

130 2223 251 2291 Saturni,
275 2233 303 2279 et
316 2223 358 2278 his
371 2223 491 2289 similia;
519 2222 584 2277 illud
600 2233 688 2278 tamen
710 2223 797 2293 aptius
812 2232 869 2288 cst,
896 2231 924 2278 ut

129 2330 161 2371 ea
174 2315 258 2385 magis
272 2314 421 2384 intelligere
437 2313 594 2369 debeamus.
621 2312 749 2383 Superius
763 2313 835 2368 enim
848 2312 923 2368 dise·

129 2416 171 2464 rat
191 2426 198 2461 ε
214 2407 351 2462 Contritos
371 2404 848 2476 0001000εο00110010000001000
863 2415 924 2478 post

128 2497 300 2568 indulgentiae
327 2497 488 2552 medicinam
517 2497 608 2552 stelles
636 2496 766 2552 dehemus
790 2496 922 2567 accipere.

129 2590 231 2646 Luceni
243 2589 315 2644 enim
339 2590 412 2643 uelut
426 2599 497 2643 astra
512 2588 538 2643 in
559 2595 637 2642 noete
655 2587 734 2658 liujus
748 2588 850 2653 seculi,
878 2589 922 2656 qui

130 2690 287 2736 meruerunt
311 2680 338 2735 in
359 2688 513 2735 sanctorum
539 2693 652 2734 numero
676 2678 842 2748 corrgregari.
870 2677 922 2735 Sed

128 2771 251 2844 quamuis
263 2769 364 2828 multos
378 2770 422 2826 hic
438 2770 577 2827 cotttincrc
591 2771 714 2826 uideatur
729 2770 857 2838 Ecclesia,
884 2768 922 2825 illi

129 2871 217 2916 tamen
232 2876 249 2916 a
267 2861 379 2917 Domino
395 2869 582 2925 numerantur,
596 2860 641 2932 qni
655 2859 729 2930 regni
742 2860 799 2929 ejus
814 2858 922 2929 partici-

128 2930 412 3024 pation'egandebunt.
437 2951 504 3007 Nam
525 2951 627 3016 stellas,
656 2951 852 3006 sanctosviros
873 2963 922 3004 nos

976 1862 1103 1920 corruet,
1119 1861 1147 1909 et
1160 1852 1232 1908 uude
1246 1851 1359 1909 Satanas
1369 1851 1456 1908 clatus
1466 1851 1576 1920 cecidit,
1591 1852 1679 1910 tidelis
1691 1853 1774 1911 homo

976 1946 1129 2003 sublevatus
1143 1944 1281 2002 ascendat.

1014 2037 1041 2092 Vr
1053 2054 1089 2093 rs.
1101 2036 1127 2091 t.
1144 2030 1254 2108 incipite
1262 2034 1372 2090 Domino
1382 2035 1409 2089 in
1419 2036 1592 2106 0000101000,Ι
1606 2037 1712 2106 psallite
1721 2038 1774 2095 heo

976 2130 1097 2183 nostruin
1108 2127 1217 2182 cithero.
1227 2126 1306 2182 lenit
1317 2124 1349 2181 ad
1361 2125 1469 2181 modum
1480 2126 1641 2192 secundum,
1653 2127 1700 2184 uhi
1710 2130 1773 2185 hor·

978 2221 1201 2288 taturbmrentes,
1216 2217 1329 2288 impellit
1341 2217 1447 2283 dubios,
1460 2219 1581 2287 increpat
1591 2218 1771 2290 negligentes.

976 2311 1085 2382 incipite
1095 2311 1167 2367 enim
1182 2310 1236 2366 iilis
1246 2309 1346 2365 dieitur
1356 2310 1401 2380 qui
1411 2309 1498 2365 adhue
1509 2318 1598 2365 tacere
1610 2322 1770 2367 noscuntur.

975 2403 1084 2457 Bonane
1108 2405 1134 2458 in
1154 2403 1324 2473 confessione,
1346 2400 1559 2457 subaudiendum
1573 2411 1626 2469 est,
1650 2414 1770 2460 0001010.

974 2497 1027 2553 Sed
1039 2496 1089 2550 ista
1105 2495 1241 2551 confessio
1254 2494 1360 2550 laudern
1374 2501 1475 2562 monet,
1491 2503 1517 2549 et
1531 2493 1674 2565 probitatis
1687 2497 1771 2551 actio·

975 2603 1035 2642 nem
1050 2590 1181 2643 hortatur.
1199 2587 1306 2642 Cithara
1321 2587 1392 2643 eninr
1408 2586 1540 2656 significat
1553 2588 1669 2643 uirtutes
1680 2604 1770 2644 mora·

974 2679 1014 2733 los
1028 2693 1147 2733 consona
1169 2679 1324 2748 operatione
1344 2677 1530 2747 precinentes,
1555 2693 1616 2743 que
1639 2687 1705 2734 tunc
1723 2694 1769 2735 se·

974 2783 1032 2822 ram
1059 2767 1188 2824 citharam
1207 2766 1333 2835 reddunt,
1359 2766 1464 2836 quando
1485 2780 1515 2821 se
1537 2765 1669 2822 irederata
1684 2768 1771 2823 socie·

975 2870 1031 2915 100
1051 2861 1228 2929 coniungunt.
1250 2856 1316 2913 Num
1340 2857 1409 2913 sicut
1433 2857 1534 2928 integra
1556 2858 1614 2928 lyra
1636 2858 1691 2913 diei
1717 2874 1768 2913 nort

974 2959 1062 3019 potest
1081 2953 1123 3005 cui
1148 2950 1236 3020 aliqua
1257 2948 1358 3004 chorda
1385 2947 1567 3014 subtrabitur,
1603 2951 1642 3004 sic
1668 2965 1704 3006 ne
1731 2950 1770 3004 sir

129 3059 208 3113 posse
221 3043 369 3114 intelligere
382 3040 493 3098 Genesis
506 3042 583 3098 iocus
597 3042 642 3098 ille
658 3050 782 3110 testatur,
799 3040 845 3111 qni
857 3042 916 3095 ait:
973 3051 1082 3097 sanctus
1103 3039 1237 3110 perlectus
1259 3039 1424 3104 aestimatur,
1452 3037 1494 3093 cui
1520 3039 1610 3094 uirtus
1637 3039 1695 3096 ullu
1721 3042 1771 3096 mi·

128 3136 305 3208 Multiplicubo
315 3152 401 3191 semen
420 3145 490 3190 tuunt
504 3137 569 3190 s'eut
584 3135 672 3189 stelles
688 3135 744 3188 cuii
761 3132 839 3206 (Gau.
854 3149 919 3200 sun,
934 3129 957 3193 C
975 3135 1077 3189 nuitur.

129 3227 186 3298 li).
213 3227 247 3283 Et
261 3227 387 3283 Salomon
403 3227 468 3282 dicit
494 3244 501 3280 ε
520 3227 591 3281 iusti
605 3238 689 3282 autern
704 3227 836 3296 fulgebunt
857 3226 921 3280 sicut
1010 3224 1086 3280 iers.
1100 3223 1128 3279 8.
1150 3223 1200 3290 Qui
1215 3224 1297 3293 operit
1308 3223 1399 3278 retunt
1412 3222 1532 3286 nuliius,
1553 3231 1577 3276 et
1594 3233 1668 3290 paror
1692 3232 1768 3278 terre

128 3318 633 3390 00100011(80000115000
657 3327 746 3373 antctn
769 3333 785 3372 a
809 3318 921 3373 Domino
972 3313 1095 3382 plutiani.
1124 3313 1176 3380 Qui
1194 3315 1353 3385 producitur
1373 3314 1499 3367 utentibus
1519 3314 1607 3384 [enum
1625 3324 1650 3368 et
1664 3315 1769 3370 10001001

128 3409 236 3466 nomina
253 3408 798 3478 000010000000010000,00000000
814 3408 921 3464 incoelo
972 3404 1087 3460 sevituti
1106 3404 1247 3459 leoninum.
1273 3405 1301 3460 ln
1315 3404 1365 3460 boc
1386 3415 1414 3460 et
1441 3404 1562 3473 sequenti
1578 3422 1659 3461 uersu
1679 3406 1768 3463 denuo

129 3501 242 3570 legimus
255 3513 316 3556 esse
329 3500 518 3570 conscriptos,
547 3498 616 3554 sicut
633 3500 659 3553 in
676 3499 820 3569 Evangelio
836 3499 918 3555 dicit:
972 3495 1078 3549 honuni
1091 3509 1172 3564 opera
1188 3504 1379 3550 nternorantnr.
1407 3495 1475 3549 llicit
1487 3495 1558 3550 enim
1582 3515 1589 3550 :
1615 3496 1669 3563 Qui
1685 3499 1765 3567 operit

127 3588 216 3644 Nolite
226 3590 402 3666 glorioriquiu
414 3590 542 3645 doentottie
551 3590 665 3662 subjecto
676 3599 736 3645 sunt
750 3592 839 3659 vohis,·
859 3608 920 3664 quu-
970 3588 1061 3641 coeluru
1078 3587 1198 3648 nubibus,
1221 3596 1245 3640 et
1259 3595 1333 3658 porat
1346 3595 1421 3640 turtur
1434 3589 1557 3658 pluuium.
1580 3588 1630 3651 Qui
1647 3590 1765 3657 producit

127 3680 184 3736 dete
198 3690 282 3733 eutem
303 3690 326 3734 st
347 3680 483 3746 exsultate,
507 3680 569 3749 qsio
592 3680 698 3734 ncnriun
719 3690 801 3734 cestro
824 3680 920 3754 scriptu
970 3681 998 3734 in
1018 3680 1143 3736 montibus
1157 3680 1246 3750 [enum
1259 3687 1282 3733 et
1302 3677 1406 3732 herimo
1420 3678 1534 3733 seruituti
1549 3679 1698 3732 bominum.
1718 3680 1766 3746 Qsi

125 3779 185 3826 suut
199 3771 225 3824 iu
238 3770 306 3825 etatis
318 3769 395 3838 (Luc.
413 3785 441 3837 x,
454 3769 512 3836 20).
970 3768 1013 3824 dut
1024 3769 1147 3837 jumentis
1164 3784 1248 3824 escum
1261 3770 1387 3839 ipsorum,
1402 3776 1426 3822 et
1443 3768 1520 3836 pullis
1534 3783 1673 3821 ceruorum
1694 3770 1762 3823 inec·

162 3865 240 3922 110οε.
255 3866 283 3922 5.
304 3864 415 3935 Magnus
431 3863 556 3919 domiuus
569 3873 662 3931 noster,
689 3874 712 3918 rt
725 3845 825 3935 ’magne
842 3863 920 3919 uirtus
970 3864 1084 3918 tontibus
1095 3879 1164 3919 eunt.
1188 3861 1258 3931 Quid
1277 3861 1349 3916 enim
1364 3859 1500 3931 potentins
1514 3874 1596 3930 quarn
1609 3858 1762 3917 Creatorem

127 3961 195 4031 ejusd,
219 3966 252 4012 ct·
266 3957 398 4030 sapientie
420 3957 476 4029 ejus
489 3973 540 4011 uon
555 3965 591 4011 est
610 3957 755 4010 numerus!
778 3956 806 4010 in
827 3958 878 4011 hoc
892 3965 920 4011 et
971 3954 1103 4011 creaturis
1120 3953 1176 4009 suis
1189 3952 1353 4023 competenti
1377 3950 1486 4006 modulo
1507 3950 1678 4006 subvenire!
1701 3951 1760 4006 Fre

128 4046 251 4117 sequenti
265 4061 345 4102 uersu
367 4060 382 4099 a
405 4037 598 4116 magnitudine,
618 4045 723 4100 henrici
743 4045 802 4099 iaus
822 4044 919 4100 decora
970 4055 1086 4115 quenter
1100 4041 1183 4116 We
1197 4055 1285 4097 autern
1301 4043 1437 4112 Scriptura
1454 4041 1543 4096 diuina
1560 4042 1633 4099 banc
1648 4042 1760 4113 spetiem

126 4146 259 4191 cernatur.
282 4135 400 4191 Dicendo
415 4136 499 4201 enim,
524 4135 635 4206 1100000
646 4135 774 4190 dominus
788 4146 812 4191 et
824 4151 919 4207 magna
971 4137 1136 4192 delinitionis
1160 4135 1347 4205 amplectitur,
1372 4143 1401 4189 nt
1422 4148 1472 4204 per
1494 4133 1520 4189 11
1542 4132 1616 4203 0001
1638 4134 1760 4190 hominu

125 4228 284 4298 virtusejus,
301 4234 325 4280 et
338 4226 471 4296 sapientie
484 4229 540 4299 ejus
556 4242 607 4281 uon
626 4235 662 4282 est
682 4242 813 4280 rrumerus.
827 4224 917 4281 Susci·
970 4239 1107 4300 operatur,
1124 4228 1280 4298 virtusejus
1297 4235 1469 4297 potestasque
1482 4234 1665 4280 monstretur.
1692 4223 1758 4294 Quod

127 4318 198 4386 piens
213 4324 358 4370 mansuetos
371 4315 507 4382 dontinus,
522 4317 664 4372 ductilium
675 4327 760 4372 eutem
775 4328 919 4389 peccateres
971 4336 1041 4376 nunc
1058 4335 1106 4391 per
1129 4320 1211 4376 istum
1225 4323 1252 4376 el
1269 4319 1351 4375 aliurn
1372 4332 1478 4374 uersum
1493 4327 1696 4389 consequenter
1709 4317 1757 4374 ett-

128 4423 208 4478 srsque
222 4407 369 4473 01100000,
389 4396 545 4480 magnitudo
555 4409 613 4479 ejus
624 4408 745 4464 absolute
755 4409 917 4466 declaratur.
971 4412 1051 4467 citur.
1065 4411 1130 4467 Nam
1144 4427 1203 4466 cum
1214 4410 1339 4480 superins
1354 4411 1508 4480 posuisset:
1525 4407 1643 4479 incipite
1660 4409 1756 4465 11000110

128 4496 195 4552 lium
210 4511 270 4552 cum
285 4497 409 4567 superius
424 4497 553 4566 propheta
568 4497 745 4568 perditersas
759 4510 849 4567 partes
864 4498 920 4554 latt-
935 4496 959 4556 1)
972 4506 999 4558 in
1010 4504 1179 4575 confessione,
1196 4518 1268 4558 nunc
1281 4502 1324 4556 eni
1340 4501 1452 4556 11000100
1465 4498 1501 4555 sit
1513 4496 1699 4556 coniltendum
1709 4501 1753 4555 eri·

127 4588 169 4643 dis
195 4596 361 4655 excurreret,
386 4586 565 4644 admiratione
587 4590 737 4658 completus
762 4590 919 4645 exclamat:

128 4683 240 4756 licgrms
255 4681 382 4736 Dominus
395 4682 501 4736 noster!
524 4681 615 4752 utique
629 4681 706 4752 cuius
719 4697 768 4737 nec
783 4683 853 4738 iacta
867 4698 919 4738 nu-

126 4775 236 4842 tnerari,
253 4789 304 4830 nec
318 4774 377 4829 taus
389 4773 517 4844 prtetaict
537 4773 701 4845 apprehendi
724 4793 731 4828 :
753 4790 920 4846 congregans

127 4860 310 4933 dispersiones
325 4862 417 4932 israel,
443 4876 542 4918 satians
564 4864 695 4918 contritos
709 4864 801 4930 corde,
823 4878 919 4919 nume-

127 4969 189 5008 rans
205 4953 403 5009 multitudinem
421 4954 570 5016 beatorum,
595 4964 622 5008 ct
636 4968 730 5009 orrrnes
746 4954 855 5010 tremine
868 4967 917 5010 suo

128 5060 236 5102 vuscani.
259 5043 322 5110 Quis
336 5045 408 5099 enirn
424 5044 508 5113 possit
520 5045 750 5113 comprehendere
764 5054 862 5111 quanta
883 5045 918 5100 sit

125 5137 160 5192 de
174 5137 277 5191 cunctis
296 5136 412 5192 collecta
432 5137 558 5200 laudatio,
585 5139 695 5191 comsit
717 5137 743 5191 in
759 5150 918 5206 urraqnaque

127 5243 156 5283 te
171 5228 299 5284 mirabilis
315 5228 492 5299 magnitudo?
513 5227 631 5283 Dicendo
645 5228 727 5293 enim,
748 5236 845 5293 noster,
860 5228 919 5283 cul·

126 5331 199 5376 tures
214 5320 424 5376 dementissimos
438 5319 599 5389 paganitatis
614 5320 741 5374 excludit.
768 5319 857 5375 Virtus
871 5336 917 5374 au·

125 5426 179 5467 tetn
195 5428 296 5477 mopso,
319 5412 379 5479 quia
394 5410 547 5480 singularis,
572 5410 634 5480 quia
650 5410 831 5480 omnipotens,
852 5411 914 5480 quia

125 5519 214 5560 rerum
225 5505 343 5557 orrrrriurn
360 5503 522 5573 gubernator
532 5511 560 5558 et
570 5504 694 5558 corrditor
709 5511 760 5558 est.
775 5503 913 5574 Sequitur,

124 5609 148 5650 rt
167 5597 297 5667 sapientie
310 5597 366 5667 ejus
380 5612 431 5648 non
445 5604 481 5650 est
494 5611 625 5650 nunterus.
649 5595 697 5649 ilie
711 5610 851 5651 numerum
867 5610 915 5665 000

124 5685 179 5742 1100
189 5687 317 5743 debemus
329 5689 461 5756 00010000,
476 5688 536 5757 quia
551 5687 639 5742 omnia
652 5687 771 5741 calculus
781 5702 840 5758 qnae
851 5697 911 5741 0001

122 5787 249 5838 numerat
270 5788 297 5838 et
310 5779 415 5838 delinit.
441 5779 577 5862 Sapientia
591 5796 656 5837 uero
673 5780 719 5837 liei
733 5781 913 5850 quemadmo-

972 4595 1069 4652 denter
1078 4594 1208 4650 ostendit.
1221 4593 1276 4665 Sed
1286 4591 1409 4663 quamuis
1421 4592 1470 4646 ista
1482 4591 1553 4645 etad
1567 4591 1687 4646 litteram
1701 4591 1754 4647 beot

971 4687 1111 4741 uideantur
1132 4681 1253 4753 intelligi,
1276 4681 1371 4738 meiius
1387 4692 1475 4735 tamen
1496 4679 1519 4735 si
1532 4679 1683 4750 allegorice
1695 4679 1753 4736 dieta

972 4776 1112 4833 sentimus.
1125 4773 1221 4830 Ceiurn
1235 4770 1279 4829 hic
1291 4782 1410 4827 sanctam
1425 4771 1597 4841 prophetiam
1612 4786 1750 4844 congruen-

974 4878 1015 4924 ter
1030 4867 1210 4931 adtertinrus;
1226 4865 1295 4919 hanc
1306 4863 1394 4918 diuina
1409 4863 1564 4931 purorisione
1578 4864 1678 4919 similis
1689 4860 1749 4917 nubi·

973 4962 1023 5016 hus
1048 4960 1112 5029 tegit
1136 4957 1294 5023 obscuritas,
1317 4967 1346 5010 ut
1366 4970 1460 5011 sensus
1482 4965 1592 5010 nostros
1616 4957 1711 5012 incitet
1729 4949 1752 5006 ad

973 5051 1159 5121 querendum,
1172 5048 1236 5104 dunr
1249 5047 1349 5117 gratius
1362 5045 1502 5115 accipitur,
1517 5045 1553 5100 01
1568 5045 1643 5117 quod
1656 5046 1752 5119 latigato

971 5144 1108 5200 desiderio
1129 5143 1292 5211 peruenitur.
1314 5139 1441 5209 Sequitur
1454 5137 1517 5206 0011
1539 5138 1623 5192 nubes
1634 5139 1694 5194 istae
1708 5146 1752 5208 pti·

973 5236 1084 5301 suriant,
1106 5233 1210 5289 scilicet
1228 5243 1257 5286 ut
1277 5231 1382 5300 copiam
1397 5230 1544 5285 uideantur
1560 5242 1691 5299 praestare
1709 5227 1752 5300 piu·

972 5329 1085 5392 uiarum,
1098 5328 1149 5381 hoc
1163 5334 1203 5381 est
1214 5325 1311 5379 diuina·
1321 5321 1519 5392 predicationis
1537 5320 1628 5378 lentes
1642 5322 1750 5392 irriguos·

969 5418 1022 5474 Sed
1043 5421 1086 5472 cui
1111 5427 1189 5472 terrae
1212 5416 1268 5470 lraec
1285 5412 1375 5484 pluria
1389 5422 1508 5481 paratur,
1536 5417 1633 5482 utique
1653 5404 1751 5467 sinenti.

970 5506 1017 5562 lile
1030 5507 1101 5561 enim
1114 5506 1225 5561 uerbum
1238 5503 1343 5558 homini
1359 5502 1507 5558 eiiicaciter
1527 5505 1655 5573 suscipit,
1670 5501 1716 5571 qui
1732 5511 1752 5550 re

969 5599 1001 5652 ad
1015 5597 1177 5652 audiendum
1190 5610 1306 5666 superno
1330 5608 1441 5650 munere
1456 5593 1649 5651 desideranter
1664 5592 1754 5652 obtuit·

970 5692 1014 5744 rit.
1039 5689 1179 5744 Necuaeat
1195 5687 1264 5758 quod
1281 5687 1357 5752 dixit,
1382 5693 1468 5757 purat,
1483 5686 1547 5756 quin
1567 5687 1618 5743 nisi
1640 5686 1686 5742 ille
1706 5695 1755 5740 earo

970 5781 1167 5852 prepararent,
1194 5780 1280 5837 nullus
1305 5778 1339 5834 ad
1363 5777 1448 5850 ipsam
1470 5786 1561 5851 potest
1586 5779 1644 5837 suis
1664 5773 1755 5834 meritis
